4011 5263
426 274 244 60 36'JAAR

650 370 31 18 w
689 370 45 18 fi1...
742 370 42 18 -i1—

1724 266 224 72 Woensdag
1980 266 68 72 25
2084 266 208 72 Kovember
2324 266 144 72 1914

3418 260 178 64 H-873

376 384 240 232 DE
752 384 1112 232 GENTENAAR
1968 384 48 232 =
2120 384 240 232 DE
2472 384 1168 232 LANDWACHT

1368 684 148 78 Î1F.
1576 684 426 78 KÏ.FINE
2062 684 524 78 PATRIOT

3274 712 198 38 Bureelen
3486 712 40 38 îe
3546 712 102 38 Genl

3274 759 51 35 nr
3351 759 39 35 16
3423 759 200 35 Keteivssi

400 872 128 80 DE
582 872 530 80 EMCVCL1EK

486 987 96 36 VAN
602 987 129 36 ZIJNE
752 987 265 36 ÏIEILIGIIE30

364 1052 168 74 PIUS
584 1052 414 74 BENED1CTUS
1046 1052 96 74 XV.

397 1152 61 34 Het
469 1152 181 34 Hollatidsch
663 1152 63 34 blad
738 1152 42 34 De
791 1152 70 34 Tijd
870 1152 80 34 geeft
963 1152 57 34 den
1035 1152 112 34 iah^ud

359 1184 58 35 der
429 1184 151 35 eucycliek
603 1184 56 35 van
674 1184 31 35 Z.
729 1184 39 35 H.
785 1184 79 35 Pans
885 1184 177 35 Benedictus
1080 1184 65 35 XV,

359 1218 59 34 «an
432 1218 35 34 de
480 1218 196 34 bisschoppen
688 1218 48 34 der
750 1218 173 34 katholieke-
933 1218 105 34 wereld
1050 1218 5 34 :

398 1251 59 35 Wij
472 1251 104 35 nemen
588 1251 30 35 er
629 1251 51 35 eea
691 1251 37 35 en
741 1251 90 35 ander
844 1251 41 35 uit
897 1251 68 35 o
 978  1251  5  35 :

 397  1309  33  31 In
 444  1309  56  31 den
 512  1309  198  31 aanheflezen
 725  1309  45  31 wij
 783  1309  6  31 :

 396  1338  16  34 «
 425  1338  69  34 Hen
 523  1338  47  34 die
 601  1338  68  34 over
 692  1338  35  34 de
 756  1338  97  34 staten
 883  1338  59  34 zijn
 965  1338  180  34 aacgesteld,

 361  1373  91  33 smeei
 467  1373  35  33 en
 530  1373  50  33 wij
 612  1373  147  33 diingend,
 791  1373  48  33 dat
 870  1373  35  33 zij
 940  1373  70  33 toch
 1040  1373  104  33 inzien,

 355  1405  131  32 âioeveel
 506  1405  98  32 tranen
 625  1405  36  32 ea
 684  1405  88  32 bloed
 792  1405  83  32 reeds
 889  1405  136  32 vergoten
 1037  1405  58  32 zijn
 1108  1405  38  32 en

 360  1436  55  34 dat
 434  1436  34  34 zij
 491  1436  69  34 toch
 579  1436  84  34 reeds
 683  1436  38  34 de
 743  1436  158  34 terugkeer
 921  1436  59  34 van
 999  1436  59  34 den
 1076  1436  69  34 wel-

 359  1469  139  33 doenden
 510  1469  88  33 -*rede
 610  1469  91  33 onder
 709  1469  36  33 de
 754  1469  362  33 volkereabespoedigen.
 1130  1469  16  33 »

 397  1524  46  35 De
 454  1524  76  35 Paus
 538  1524  100  35 hoopt,
 648  1524  46  35 dat
 705  1524  33  35 zij
 750  1524  66  35 naar
 826  1524  34  35 de
 871  1524  166  35 boodsciiap
 1047  1524  97  35 zullen

 356  1558  148  34 fuisteren
 525  1558  51  34 der
 597  1558  113  34 £n»e!e
 720  1558  8  34 i
 754  1558  38  34 op
 806  1558  143  34 Kerstdag
 960  1558  5  34 :
 987  1558  98  34 Vrecle
 1107  1558  38  34 op

 364  1591  80  34 eard
 452  1591  8  34 ;
 473  1591  62  34 asn
 549  1591  35  34 de
 597  1591  160  34 menschen
 772  1591  58  34 van
 840  1591  119  34 goeden
 980  1591  59  34 wil.

 398  1647  15  33 «
 426  1647  46  33 En
 493  1647  64  33 dan,
 579  1647  117  33 Kristus
 718  1647  88  33 wilde
 824  1647  48  33 het
 893  1647  57  33 rijk
 971  1647  51  33 des
 1041  1647  103  33 vredes

 360  1678  139  36 vestigen
 524  1678  39  36 op
 584  1678  36  36 de
 638  1678  195  36 grondvesten
 855  1678  51  36 der
 935  1678  98  36 liefde.
 1061  1678  84  36 Doch

 359  1711  69  37 geb-
 440  1711  27  37 el
 480  1711  106  37 anders
 600  1711  55  37 zijn
 666  1711  37  37 de
 723  1711  91  37 zeden
 827  1711  89  37 onzer
 941  1711  99  37 tijden.
 1053  1711  92  37 Nooit

 357  1744  137  35 r-wellicht
 507  1744  24  35 is
 545  1744  31  35 cr
 588  1744  118  35 zooveel
 718  1744  165  35 gesjrroken
 907  1744  70  35 over
 1002  1744  143  35 mensche-

 356  1775  79  36 Uijke
 454  1775  216  36 broederschap
 694  1775  45  36 als
 763  1775  218  36 tegenwoordig
 993  1775  5  36 :
 1019  1775  40  36 ja,
 1073  1775  71  36 zelfs

 361  1810  114  32 aar-'elt
493 1810 66 32 men
583 1810 69 32 niet,
679 1810 57 32 met
754 1810 250 32 verwaarloozing
1027 1810 57 32 van
1097 1810 48 32 het

355 1843 111 33 .wcord
478 1843 53 33 des
548 1843 186 33 Ev<ngelies,
756 1843 59 33 met
838 1843 233 33 terzijdesteiling
1090 1843 56 33 van

361 1874 54 31 !hct
429 1874 80 31 werk
520 1874 57 31 van
596 1874 117 31 Kristus
737 1874 36 31 en
794 1874 35 31 de
851 1874 88 31 Kerk,
965 1874 41 31 dit
1030 1874 116 31 streven

350 1907 84 34 (' îiaar
 447  1907  212  34 broederschap
 681  1907  28  34 ta
 727  1907  224  34 verheerlijlcen,
 967  1907  44  34 als
 1024  1907  55  34 een
 1090  1907  57  34 van

 351  1939  265  34 t.deroornaamste
 630  1939  160  34 weldaden,
 813  1939  38  34 op
 866  1939  69  34 onze
 958  1939  100  34 tijden,
 1073  1939  74  34 door

 360  1972  38  28 de
 411  1972  333  28 menschheidbedacht.

 400  2004  46  28 En
 458  2004  234  28 inderwaarheid
 707  2004  74  28 w.-?rd
796 2004 31 28 er
837 2004 90 28 onder
938 2004 36 28 de
986 2004 160 28 menschen

354 2036 88 35 ^oo'1*
456 2036 111 35 minder
579 2036 173 35 broederlijk
764 2036 163 35 gehandeld
946 2036 56 35 dan
1024 2036 37 35 op
1074 2036 73 35 onze

361 2069 103 33 dagen.
486 2069 45 33 De
551 2069 171 33 rassenhaat
744 2069 24 33 is
790 2069 236 33 verschrikkelijk
1036 2069 6 33 ;
1068 2069 79 33 meer

361 2102 63 33 dan
454 2102 72 33 door
555 2102 36 33 de
619 2102 137 33 grenzen.
775 2102 55 33 zijn
854 2102 37 33 de
915 2102 140 33 volkeren
1075 2102 72 33 door

353 2134 205 33 .
 573  2134  55  33 van
 649  2134  139  33 elkander
 808  2134  174  33 gescheiden
 995  2134  7  33 ;
 1025  2134  29  33 in
 1073  2134  72  33 eene

 361  2167  383  32 ®e!fdegemeente,binnen
 755  2167  31  32 df
 794  2167  91  32 zelide
 895  2167  251  32 murer,vcrteren

 353  2198  50  33 Lee
 416  2198  214  33 vtrschillende
 643  2198  241  33 burgerskiassen
 897  2198  57  33 van
 978  2198  59  33 mjd
 1053  2198  92  33 tegen-

 362  2231  75  33 over
 447  2231  151  33 eïkander;
 608  2231  140  33 tusschen
 759  2231  36  33 de
 804  2231  142  33 personen
 958  2231  119  33 worden
 1091  2231  55  33 aile

 365  2263  174  34 •onderiinge
 553  2263  208  34 betrekkingen
 775  2263  137  34 geregeld
 924  2263  72  34 door
 1009  2263  34  34 de
 1068  2263  78  34 albe-

 361  2296  206  33 îieerschende
 577  2296  57  33 wet
 646  2296  53  33 der
 710  2296  348  33 eigenbaatzuchtigheid.

 398  2328  64  33 Met
 484  2328  47  33 het
 550  2328  91  33 gem's
661 2328 51 33 aan
734 2328 229 33 wsdfrzijdsche
974 2328 89 33 liefde
1076 2328 71 33 gaat

361 2361 41 33 «de
416 2361 24 33 v.
452 2361 156 33 rlwijning
619 2361 131 33 ge^aard
771 2361 56 33 van
848 2361 58 33 aile
919 2361 96 33 gpzag,
1039 2361 36 33 en
1097 2361 50 33 het

361 2393 29 33 is
403 2393 57 33 dan
473 2393 60 33 niet
545 2393 28 33 te
589 2393 209 33 verwonderfn
811 2393 56 33 zoo
880 2393 36 33 de
931 2393 213 33 M:iatschappij

360 2426 50 33 als
423 2426 30 33 in
466 2426 74 33 twee
553 2426 191 33 vijandelijke
757 2426 92 33 legers
862 2426 26 33 is
902 2426 145 33 verdee' d.

 398  2458  45  36 De
 468  2458  76  36 Paus
 564  2458  84  36 ]aafct
 666  2458  162  36 den.jj.qsit
 849  2458  196  36 verzadigdeti
 1063  2458  83  36 dorst

 348  2486  100  44 'jffaav'
 459  2486  155  44 gelijkheid
 629  2486  38  44 'in
690 2486 75 44 aiffs
778 2486 4 44 :
804 2486 43 44 ïij
873 2486 84 44 keurt
979 2486 108 44 oproer
1111 2486 35 44 en

361 2523 74 32 v«'
 449  2523  153  32 s'akingen
616 2523 39 32 af.

398 2554 49 35 Na
460 2554 313 35 .' e-yedenkwaardîge
 786  2554  194  35 encyclieken
 994  2554  59  35 van
 1063  2554  83  35 Zijne

 346  2586  277  38 {Heiligheid-Léo
 646  2586  84  38 XIII,
 757  2586  79  38 ware
 860  2586  37  38 de
 920  2586  226  38 veroordecling

 360  2620  60  32 •van
 434  2620  49  32 het
 496  2620  149  32 socialism
 657  2620  172  32 overbodig'.

398 2653 45 33 De
464 2653 277 33 maatschappelijke
760 2653 186 33 hervorming
968 2653 77 33 moet
1058 2653 38 33 op
1111 2653 35 33 de

350 2682 103 40 jîiefde
465 2682 133 40 steunen.
614 2682 110 40 Alsdan
733 2682 97 40 zullen
841 2682 37 40 de
891 2682 126 40 hoogera
1029 2682 117 40 klassen

360 2717 69 32 zich
452 2717 39 32 lot
504 2717 37 32 de
561 2717 152 32 minderen
733 2717 190 32 vernederen,
943 2717 37 32 en
992 2717 35 32 zij
1052 2717 95 32 zullen

349 2748 2 33 '
 361  2748  42  33 siï■
 414  2748  10  33 t
 449  2748  96  33 alieen
 569  2748  199  33 rechtvaardig
 793  2748  157  33 handelen,
 973  2748  101  33 zooals
 1095  2748  51  33 het

 350  2780  143  35 'sgeboden
506 2780 34 35 is,
563 2780 82 35 maar
665 2780 33 35 zij
722 2780 95 35 zullen
830 2780 101 35 tevens
947 2780 199 35 voorkomend

359 2815 41 33 en
413 2815 142 33 minzaam
567 2815 162 33 toegevend
742 2815 99 33 wezen
857 2815 21 33 ».

397 2870 48 33 Na
467 2870 56 33 den
546 2870 82 33 geest
652 2870 54 33 van
730 2870 101 33 geloof
843 2870 37 33 en
894 2870 56 33 den
964 2870 178 33 Godsdienst

353 2904 214 37 i®angep_rezen
577 2904 30 37 te
616 2904 125 37 hebben,
754 2904 119 37 handelt
882 2904 82 37 Zijne
975 2904 167 37 Heiligheid

353 2934 38 34 lin
452 2934 153 34 bijzonder
628 2934 71 34 over
721 2934 35 34 de
776 2934 143 34 belangen
933 2934 51 34 der
997 2934 40 34 H.
1053 2934 92 34 Kerk.

353 2964 62 43 jHij
426 2964 84 43 prijst
523 2964 36 43 de
572 2964 101 43 groote
694 2964 117 43 werken
824 2964 57 43 van
895 2964 95 43 zijnen
1004 2964 139 43 voorsan-

353 2999 68 34 iger,
447 2999 37 34 en
507 2999 142 34 verheugt
671 2999 65 34 zich
756 2999 69 34 over
849 2999 49 34 het
924 2999 59 34 feit,
1011 2999 47 34 dat
1073 2999 71 34 over

352 3033 30 33 i'
                            t
 394  3033  163  33 algemeen,
 570  3033  50  33 het
 630  3033  104  33 gevaar
 752  3033  55  33 van
 827  3033  51  33 het
 899  3033  180  33 Modernism
 1100  3033  46  33 ge-

474 3065 32 28 is.

347 3098 6 34 i
396 3098 112 34 Verder
521 3098 98 34 steunt
631 3098 32 34 er
675 3098 31 34 Z.
722 3098 39 34 H.
777 3098 48 34 op,
848 3098 51 34 dat
920 3098 73 34 ailes
1012 3098 79 34 moet
1114 3098 30 34 in

348 3131 64 33 i&et
437 3131 80 33 werk
538 3131 112 33 gesteld
670 3131 120 33 worden
811 3131 92 33 opdat
924 3131 38 33 de.
974 3131 171 33 onderlin,e

351 3162 128 30 'îwisten
500 3162 33 30 of
549 3162 234 30 misverstanden
796 3162 142 30 tusschen
952 3162 189 30 katholieken

353 3191 125 39 iaouden
489 3191 175 39 verdwijnen
676 3191 6 39 ;
702 3191 146 39 beijveren
862 3191 45 39 wij
922 3191 64 39 ons,
1001 3191 90 39 opdat
1113 3191 32 39 er

357 3224 97 38 sgeene
466 3224 117 38 nieuwe
594 3224 163 38 ôp'ijzen...

363 3260 5 35 •
396 3260 153 35 Wanneer
572 3260 37 35 de
632 3260 117 35 wetiige
768 3260 141 35 overheid
935 3260 210 35 uitdrukkeliik

359 3292 60 33 ie's
431 3292 79 33 heeft
529 3292 134 33 bevolen,
678 3292 58 33 dan
749 3292 82 33 heeft
844 3292 134 33 niemand
990 3292 51 33 het
1062 3292 83 33 recht

358 3325 196 33 datbevelfe
573 3325 272 33 veronachtzamen,
862 3325 92 33 ondrr
975 3325 169 33 voo'wend-

358 3357 49 35 sel
433 3357 51 35 dat
496 3357 50 35 het
574 3357 61 35 niet
663 3357 59 35 met
746 3357 77 35 zijne
852 3357 100 35 eigene
976 3357 168 35 zienswijze

354 3391 132 28 «trookt.

362 3422 6 34 .•
395 3422 58 34 Etk
462 3422 78 34 mcet
549 3422 76 34 zijne
634 3422 158 34 gevoelens
800 3422 58 34 aan
868 3422 74 34 zijne
953 3422 191 34 rechtstreek-

350 3455 83 35 'jîche
456 3455 140 35 overheid
619 3455 198 35 blootlegg^n,
841 3455 37 35 en
902 3455 32 35 er
958 3455 29 35 in
1011 3455 132 35 geweten

353 3488 62 33 ®an
440 3488 225 33 gehoorzamen.
700 3488 59 33 Dat
783 3488 136 33 niemand
948 3488 64 33 zich
1039 3488 104 33 selven

352 3517 154 44 Jaanstelle
520 3517 44 44 als
583 3517 112 44 leeraar
708 3517 52 44 der
773 3517 87 44 Kerk,
875 3517 78 44 noch
971 3517 30 44 in
1014 3517 127 44 boeken,

355 3553 82 34 ®och
451 3553 28 34 in
492 3553 174 34 digbladen,
679 3553 78 34 noch
771 3553 36 34 bij
823 3553 141 34 politieke
974 3553 170 34 vocrdrach-

353 3581 68 34 jten.

361 3618 5 33 <
395 3618 59 33 Dat
466 3618 78 33 allen
557 3618 138 33 duidelijk
704 3618 106 33 inzien,
822 3618 56 33 aan
890 3618 84 33 wien,
986 3618 70 33 door
1066 3618 76 33 God,

357 3649 41 36 <âe
421 3649 126 36 zending
567 3649 54 36 van
644 3649 50 36 het
705 3649 196 36 orderwijzen
921 3649 31 36 in
972 3649 58 36 den
1043 3649 101 36 schoot

352 3681 62 37 Sder
436 3681 79 37 Kerk
540 3681 80 37 werd
643 3681 195 37 opgedragen.
863 3681 61 37 Aan
949 3681 67 37 dien
1049 3681 95 37 alleen

351 3714 135 44 l'faehoort
506 3714 59 44 het,
593 3714 54 44 zoo
670 3714 39 44 hij
735 3714 50 44 het
808 3714 106 44 noodig
937 3714 131 44 oordeelt
1091 3714 54 44 uit-

357 3749 114 34 spraak
491 3749 29 34 te
540 3749 77 34 doen
629 3749 5 34 ;
658 3749 73 34 voor
751 3749 37 34 de
808 3749 125 34 ande-en
948 3749 24 34 is
986 3749 50 34 het
1048 3749 93 34 plicht

352 3781 155 34 kerbiedig
529 3781 48 34 toe
598 3781 27 34 te
638 3781 110 34 hooren
762 3781 35 34 en
810 3781 30 34 te
851 3781 214 34 gehoorzair.en
1086 3781 57 34 aan

352 3813 74 38 |«ijn_
442 3813 108 38 woord.
574 3813 34 38 In
628 3813 89 38 zaken
739 3813 143 38 evenwel,
902 3813 154 38 waarover
1076 3813 67 38 men

349 3841 186 38 fbeiderzijds
548 3841 56 38 van
618 3841 135 38 meering
771 3841 57 38 kî:n
842 3841 183 38 vprschillen,
1037 3841 107 38 zonder

351 3876 108 36 geloof
471 3876 36 36 en
520 3876 80 36 tucht
612 3876 27 36 te
651 3876 158 36 schenden,
816 3876 60 36 w'.jl
888 3876 36 36 de
937 3876 207 36 Apo:toUsche

351 3911 93 42 ptoel
455 3911 53 42 zijn
530 3911 119 42 cordeel
661 3911 61 42 niet
742 3911 79 42 heeft
842 3911 219 42 uitgesproken,
1076 3911 67 42 ma?

353 3943 92 35 ieeker
462 3943 139 35 eenieder
621 3943 120 35 zeggen,
768 3943 59 35 v/at
838 3943 40 35 hij
901 3943 88 35 denkt
1013 3943 36 35 en
1063 3943 78 35 zijne

353 3976 144 33 aaeening
510 3976 187 33 verdedigen.
709 3976 15 33 »

390 4032 117 36 Ziehier
519 4032 54 36 een
585 4032 86 36 ander
683 4032 151 36 uitireksel
860 4032 47 36 dat
920 4032 165 36 belangrijk
1098 4032 24 36 is
1134 4032 6 36 :

350 4089 24 36 -7
393 4089 14 36 «
420 4089 147 36 Niemand
582 4089 128 36 schrijve
723 4089 63 36 zich
800 4089 46 36 het
859 4089 84 36 recht
953 4089 47 36 toe
1014 4089 38 36 lie
1061 4089 21 36 \
1093 4089 48 36 die

350 4123 68 36 |Tan
429 4123 72 36 eene
514 4123 109 36 andere
633 4123 438 36 meîningzijn,daaroraalleen
1085 4123 55 36 aan

414 4156 65 32 zien
502 4156 45 32 als
571 4156 140 32 verdacht
734 4156 29 32 in
788 4156 51 32 het
858 4156 99 32 geloof
977 4156 33 32 of
1032 4156 109 32 weder-

350 4187 139 44 jspinnig
501 4187 50 44 aan
564 4187 49 44 het
625 4187 91 44 gezag
741 4187 57 44 Wij
815 4187 106 44 willen,
936 4187 49 44 dat
999 4187 62 44 men
1077 4187 65 44 zich

351 4220 122 34 ion'hou
484 4220 28 34 ie
527 4220 57 34 van
600 4220 201 34 renanungen,
817 4220 43 34 we
873 4220 37 34 ke
925 4220 67 34 mm
1015 4220 126 34 onlangs

352 4252 104 33 fbegou
480 4252 29 33 te
532 4252 91 33 gebru
636 4252 56 33 ken
716 4252 47 33 om
788 4252 38 33 de
856 4252 197 33 Katholieken
1083 4252 38 33 va
1132 4252 8 33 i

354 4285 108 35 ;ell<aar
475 4285 29 35 le
517 4285 241 35 onderscheiden,
774 4285 67 35 men
854 4285 80 35 moet
943 4285 48 35 die
1001 4285 138 35 woerdea

353 4318 167 35 fve-miiden
544 4318 61 35 niet
628 4318 98 35 alieen
750 4318 44 35 a!s
819 4318 15 35 «
852 4318 126 35 profane
1002 4318 139 35 nieuwig-

351 4351 109 39 p°den
473 4351 24 39 »,
518 4351 73 39 maar
603 4351 58 39 osk
674 4351 44 39 a's
731 4351 27 39 ia
773 4351 83 39 strijd
868 4351 61 39 met
945 4351 17 39 «
972 4351 121 39 aarheid
1106 4351 35 39 en

349 4382 64 34 jfci'.l
422 4382 112 34 jkheid,
559 4382 59 34 wijl
639 4382 93 34 ojder
751 4382 36 34 de
811 4382 197 34 Katholiîken
1026 4382 113 34 daaruit

348 4413 44 39 kr
406 4413 57 39 »cte
483 4413 161 39 gesckillen
668 4413 34 39 en
725 4413 175 39 verwarring
920 4413 150 39 ontslaan.
1095 4413 46 39 De

351 4445 82 39 |®ard
455 4445 57 39 van
533 4445 55 39 ons
609 4445 153 39 katholiek
783 4445 103 39 ^e'oof
905 4445 26 39 is
952 4445 65 39 zôô,
1038 4445 19 39 d
1078 4445 12 39 t
1111 4445 30 39 er

351 4480 86 38 taiets
450 4480 38 38 bij
502 4480 33 38 of
546 4480 32 38 af
590 4480 67 38 kan.
677 4480 71 38 Men
760 4480 93 38 houdt
865 4480 72 38 ailes
950 4480 33 38 of
994 4480 147 38 verwerpt

351 4511 117 44 plies...
485 4511 129 44 Dasrom
626 4511 72 44 hoef
722 4511 31 44 er
766 4511 75 44 niets
857 4511 28 44 te
903 4511 124 44 worden
1051 4511 89 44 bijge-

350 4543 114 35 Ivcegd.
479 4543 27 35 E
525 4543 28 35 n;
576 4543 52 35 der
639 4543 99 35 houde
751 4543 63 35 zich
836 4543 126 35 vo'daan
989 4543 60 35 met
1069 4543 72 35 deze

468 4577 45 36 nis
525 4577 5 36 :
552 4577 71 36 Mijr.
650 4577 95 36 eerste
764 4577 88 36 raarn
880 4577 26 36 is
936 4577 139 36 Christen
1104 4577 36 36 en

351 4611 83 33 fnijn,
443 4611 115 33 tweede
571 4611 87 33 naïm
671 4611 25 33 is
711 4611 162 33 Katholiek.

350 4666 14 39 r
391 4666 46 39 De
463 4666 80 39 Paus
566 4666 71 39 gaat
659 4666 54 39 dan
737 4666 38 39 xo
783 4666 39 39 :rt
846 4666 88 39 tegen
963 4666 38 39 de
1030 4666 112 39 moder-

353 4701 104 29 misîen
472 4701 7 29 :

394 4758 8 39 '
419 4758 61 39 Zoo
503 4758 34 39 zij
542 4758 18 39 a
583 4758 138 39 ontstaan
746 4758 35 39 de
806 4758 246 39 monsîerachtige
1064 4758 77 39 dwa-

349 4789 108 39 jJicgen
465 4789 58 39 vaa
534 4789 49 39 het
598 4789 191 39 Modernism,
819 4789 131 39 hetwelk
961 4789 84 39 Onze
1059 4789 83 39 voor-

349 4825 115 31 ®anger
476 4825 111 31 terecht
599 4825 230 31 eebrandmerkt
840 4825 83 31 heeft
936 4825 44 31 als
994 4825 73 31 eene
1080 4825 62 31 ver-

347 4857 89 37 'zame
448 4857 51 37 ing
511 4857 57 37 van
589 4857 56 37 aile
663 4857 156 37 ketterijen
842 4857 38 37 en
892 4857 51 37 dat
955 4857 40 37 hij
1011 4857 129 37 plechtig

1407 815 128 16 i«i:'iIHIJWJ.il
1713 815 32 16 ilsr

1199 869 79 33 heeft
1300 869 202 33 veroordeeld.
1535 869 80 33 Deze
1643 869 232 33 veroordeeling,
1906 869 68 33 Eer-

1198 902 120 34 waarde
1339 902 155 34 Broeders,
1518 902 144 34 herhalen
1682 902 59 34 Wij
1767 902 63 34 hier
1851 902 32 34 in
1905 902 71 34 haar

1199 936 105 33 geheel
1315 936 6 33 ;
1336 936 36 33 en
1393 936 65 33 daar
1480 936 57 33 nog
1561 936 60 33 niet
1642 936 102 33 overal
1766 936 71 33 deze
1849 936 53 33 zoo
1914 936 61 33 ver-

1200 967 153 34 derfelijke
1366 967 174 34 besmetting
1552 967 182 34 onderdrnkt
1754 967 34 34 is,
1810 967 76 34 doch
1905 967 70 34 zelfs

1199 1000 88 35 thans
1300 1000 58 35 nog
1369 1000 64 35 hier
1447 1000 36 35 en
1494 1000 226 35 daar.ofschoon
1732 1000 30 35 in
1773 1000 18 35 't
1802 1000 173 35 verborgen,

1199 1031 69 34 vocu
1275 1031 129 34 tknaagt,
1420 1031 115 34 moeten
1547 1031 76 34 allen
1635 1031 32 34 —
1678 1031 45 34 wij
1738 1031 133 34 drukken
1883 1031 51 34 het
1948 1031 27 34 U

1199 1064 39 36 op
1249 1064 49 36 het
1312 1064 64 36 hart
1385 1064 33 36 —
1428 1064 52 36 zoo
1498 1064 111 36 ieverig
1620 1064 141 36 mogelijk
1780 1064 62 36 zich
1863 1064 113 36 hoeden

1199 1099 90 32 tegen
1302 1099 64 32 elke
1379 1099 187 32 besmeuring
1580 1099 58 32 met
1651 1099 41 32 dit
1711 1099 113 32 kwaad,
1847 1099 129 32 waarvan

1200 1130 67 34 men
1280 1130 66 34 zetr
1358 1130 113 34 terecht
1483 1130 61 34 kan
1564 1130 119 34 zeggen,
1698 1130 131 34 hetwelk
1842 1130 53 34 Job
1907 1130 70 34 over

1198 1163 57 30 iets
1280 1163 105 30 anders
1407 1163 88 30 zegde
1510 1163 5 30 :
1546 1163 8 30 «
1570 1163 59 30 Het
1652 1163 24 30 is
1689 1163 55 30 een
1756 1163 83 30 vutir,
1853 1163 50 30 dat
1915 1163 63 30 ver-

1199 1195 87 34 slindt
1313 1195 39 34 lot
1373 1195 190 34 vernietiging
1586 1195 48 34 toe
1659 1195 35 34 en
1715 1195 50 34 dat
1786 1195 55 34 aile
1863 1195 113 34 levens-

1198 1229 117 27 kiemen
1328 1229 125 27 uitroeit.
1468 1229 15 27 »

1232 1260 46 35 En
1292 1260 58 35 Wij
1371 1260 165 35 verlangen,
1561 1260 49 35 dat
1633 1260 36 35 de
1694 1260 195 35 Katholieken
1916 1260 61 35 niet

1198 1292 110 28 slechls
1319 1292 54 28 een
1387 1292 133 28 afschuw
1530 1292 96 28 zullen
1640 1292 111 28 hebben
1764 1292 55 28 van
1834 1292 35 28 de
1901 1292 76 28 dwa-

1198 1325 109 32 lingen,
1321 1325 75 32 doch
1406 1325 58 32 ook
1483 1325 53 32 van
1557 1325 37 32 de
1618 1325 171 32 gezindheid
1814 1325 39 32 of,
1879 1325 97 32 zooals

1198 1357 67 34 men
1277 1357 72 34 zegt,
1363 1357 55 34 vaa
1434 1357 54 34 ien
1501 1357 82 34 geest
1595 1357 50 34 der
1657 1357 209 34 Modernisten,
1883 1357 93 34 we'ike

1198 1390 146 33 iedereea,
1367 1390 66 33 dien
1453 1390 38 33 hij
1515 1390 113 33 bezielt,
1652 1390 81 33 ailes,
1759 1390 55 33 wat
1835 1390 70 33 naar
1928 1390 49 33 het

1197 1422 76 31 oude
1286 1422 123 31 smaakt,
1421 1422 61 31 met
1494 1422 126 31 weerzîn
1633 1422 53 31 van
1704 1422 65 31 zich
1783 1422 66 31 doet
1870 1422 107 31 afstoo-

1197 1455 48 33 ten
1277 1455 37 33 en
1348 1455 79 33 alom
1455 1455 92 33 gre'ig
1583 1455 68 33 doet
1686 1455 189 33 rondgrijpen
1908 1455 68 33 naar

1197 1487 228 33 nieuwigheden.
1436 1487 15 33 »

1229 1543 182 34 Vervolgens
1421 1543 82 34 prijst
1516 1543 37 34 de
1566 1543 81 34 Paus
1658 1543 36 34 de
1718 1543 176 34 Katholieke
1918 1543 62 34 ver-

1198 1577 174 31 eenigingen
1400 1577 67 31 aan.
1499 1577 46 31 De
1576 1577 86 31 leden
1694 1577 130 31 daarvan
1859 1577 117 31 moetën

1197 1608 193 32 gehoorzaam
1404 1608 57 32 zijn
1474 1608 58 32 aan
1544 1608 68 32 God
1635 1608 73 32 door
1737 1608 196 32 gelioorzaam
1949 1608 30 32 te

1197 1640 57 33 zijn
1266 1640 56 33 aan
1333 1640 35 33 de
1379 1640 107 33 Leider
1502 1640 50 33 der
1566 1640 88 33 Kerk.

1230 1696 82 34 Zijne
1326 1696 170 34 Heiligheid
1519 1696 61 34 gaat
1594 1696 80 34 roort
1687 1696 7 34 :

1230 1753 16 32 «
1258 1753 80 32 Daar
1351 1753 23 32 is
1388 1753 171 32 intusschen
1573 1753 72 32 éére
1657 1753 81 32 zaak,
1753 1753 153 32 waarover
1919 1753 60 32 n:et

1199 1787 230 32 maggezwegen
1450 1787 126 32 worden.
1591 1787 59 32 Wij
1667 1787 152 32 wenschen
1841 1787 138 32 namelijk

1198 1818 59 35 aile
1270 1818 136 35 priesters
1419 1818 46 35 als
1479 1818 81 35 Onze
1573 1818 64 35 zeer
1654 1818 137 35 beminde
1805 1818 92 35 zonen
1911 1818 68 35 erop

1200 1851 26 34 (e
1237 1851 112 34 wijzen,
1361 1851 56 34 hoe
1440 1851 143 34 drin^end
1604 1851 107 34 noodig
1728 1851 50 34 het
1801 1851 25 34 is
1852 1851 36 34 en
1908 1851 72 34 voor

1199 1883 59 31 hun
1269 1883 84 31 eigen
1373 1883 61 31 heil
1457 1883 36 31 en
1510 1883 73 31 voor
1603 1883 36 31 de
1659 1883 244 31 vruchtbaarheid
1925 1883 53 31 van

1199 1915 59 33 hun
1271 1915 88 33 heilig
1372 1915 87 33 ambt,
1474 1915 50 33 dat
1537 1915 35 33 zij
1586 1915 33 33 —
1630 1915 80 33 ieder
1724 1915 55 33 van
1799 1915 57 33 hen
1868 1915 32 33 —
1914 1915 65 33 zich

1199 1949 53 33 zoo
1260 1949 58 33 nau
1323 1949 24 33 w
1354 1949 136 33 mogelijk
1498 1949 35 33 bij
1543 1949 116 33 hunnen
1666 1949 141 33 Bisschop
1815 1949 164 33 aansluiten

1200 1980 35 34 °n
1248 1980 66 34 hem
1322 1980 56 34 een
1390 1980 56 34 zoo
1458 1980 85 34 groot
1556 1980 423 34 ir.ogelijkegehoorzaamheid

1199 2012 155 28 betoonen.

1232 2045 210 33 Ongetwijfeld
1455 2045 55 33 zijn
1521 2045 24 33 —
1564 2045 59 33 Wij
1639 2045 113 33 hebben
1764 2045 47 33 het
1820 2045 159 33 hierbovea

1199 2077 250 35 betreurd—niet
1471 2077 58 35 aile
1552 2077 175 35 bedienaren
1748 2077 52 35 van
1824 2077 49 35 hei
1885 2077 94 35 igdom

1200 2105 50 39 vrij
1276 2105 57 39 vin
1358 2105 47 39 dia
1425 2105 252 39 opgeblazenheid
1690 2105 52 39 des
1755 2105 113 39 geesles
1882 2105 35 39 en
1932 2105 48 39 die

1198 2144 178 33 vermetelde
1399 2144 204 33 aanniatiging,
1628 2144 46 33 die
1687 2144 41 33 tôt
1741 2144 36 33 de
1790 2144 189 33 eigenschap-

1199 2175 58 33 pen
1278 2175 150 33 b-ihooren
1454 2175 51 33 van
1526 2175 70 33 deze
1620 2175 86 33 tijden
1718 2175 5 33 ;
1747 2175 37 33 en
1796 2175 51 33 het
1859 2175 121 33 gebeurt

1199 2202 61 37 niet
1280 2202 106 37 zelden,
1408 2202 50 37 dat
1471 2202 37 37 de
1520 2202 119 37 herders
1653 2202 50 37 der
1716 2202 80 37 Kerk
1806 2202 126 37 verdriet
1943 2202 37 37 en

1199 2240 96 35 verzet
1316 2240 199 35 ondervinden
1538 2240 55 35 van
1611 2240 48 35 die
1679 2240 80 35 zijde,
1784 2240 137 35 waarvan
1941 2240 36 35 zij

1199 2273 113 33 terecht
1329 2273 135 33 troostea
1478 2273 72 33 hulp
1566 2273 194 33 verwachten.

1232 2305 93 35 Laten
1337 2305 47 35 zij,
1400 2305 48 35 die
1467 2305 56 35 zoo
1541 2305 172 35 jammerlijk
1732 2305 59 35 hun
1811 2305 90 35 plicht
1919 2305 60 35 ver-

1199 2338 99 34 zaken,
1319 2338 52 34 wel
1392 2338 163 34 bedenken,
1577 2338 50 34 dat
1647 2338 51 34 het
1719 2338 88 34 gezag
1819 2338 158 34 dergenen,

1200 2365 93 39 weîke
1313 2365 37 39 de
1371 2365 118 39 Heilige
1514 2365 91 39 Geest
1626 2365 112 39 gesteld
1762 2365 79 39 heeft
1864 2365 41 39 lot
1925 2365 53 39 bis-

1200 2402 151 33 schoppen
1375 2402 45 33 om
1444 2402 36 33 de
1503 2402 73 33 kerk
1598 2402 82 33 Gods
1704 2402 29 33 ta
1755 2402 144 33 besturen,
1924 2402 55 33 een

1200 2430 157 41 Goddeliik
1377 2430 91 41 gezag
1487 2430 34 41 is,
1544 2430 38 41 ea
1602 2430 60 41 dat,
1675 2430 108 41 indien,
1797 2430 101 41 zooals
1917 2430 61 41 Wij

1198 2467 102 35 gezien
1323 2467 128 35 hebben,
1476 2467 88 35 alvvie
1586 2467 55 35 aàa
1659 2467 84 35 eenig
1764 2467 101 35 wettig
1892 2467 88 35 gezag'

1199 2500 173 33 weerstaan,
1386 2500 58 33 aan
1457 2500 67 33 God
1547 2500 168 33 weerstaan,
1730 2500 142 33 diegénen
1886 2500 52 33 des
1952 2500 28 33 te

1198 2532 195 33 goddeloozer
1406 2532 153 33 handelen,
1574 2532 48 33 die
1643 2532 145 33 weigeren
1807 2532 30 33 te
1858 2532 122 33 gehoor-

1198 2565 102 34 zamen
1313 2565 50 34 aan
1376 2565 37 34 de
1426 2565 203 34 bisschoppen,
1645 2565 96 34 welke
1756 2565 66 34 God
1834 2565 146 34 geheiligd

1198 2597 81 33 heeft
1291 2597 72 33 dcor
1374 2597 50 33 het
1436 2597 166 33 zegelmerk
1614 2597 57 33 van
1681 2597 82 33 Zijne
1781 2597 100 33 macht

1199 2628 136 35 Waaruit
1348 2628 86 35 volgt,
1448 2628 50 35 dat
1518 2628 38 35 hij
1580 2628 61 35 niet
1661 2628 61 35 met
1744 2628 36 35 de
1794 2628 80 35 Kerk
1886 2628 32 35 is,
1934 2628 46 35 die

1198 2662 60 33 niet
1272 2662 23 33 is
1308 2662 58 33 met
1379 2662 57 33 den
1455 2662 143 33 bisschop.
1612 2662 14 33 »

1231 2717 63 35 Ten
1318 2717 88 35 sloite
1428 2717 79 35 komt
1531 2717 37 35 de
1591 2717 182 35 wereldlijke
1797 2717 99 35 macht
1923 2717 56 35 van

1199 2749 57 34 den
1270 2749 80 34 Paus
1363 2749 55 34 nog
1432 2749 42 34 ter
1487 2749 116 34 sprake.

1235 2807 9 35 «
1260 2807 45 35 De
1319 2807 80 35 Kerk
1421 2807 67 35 mist
1505 2807 172 35 intusschen
1695 2807 83 35 reeds
1791 2807 65 35 veel
1869 2807 29 35 te
1911 2807 69 35 lang

1199 2838 47 37 die
1439 2838 133 37 vrijheid,
1587 2838 95 37 welke
1705 2838 32 37 zij
1752 2838 106 37 noodig
1879 2838 97 37 heeft;

1199 2872 134 35 namplijk
1355 2872 54 35 van
1433 2872 50 35 het
1511 2872 162 35 oogenblik
1697 2872 40 35 af,
1764 2872 118 35 waarop
1906 2872 73 35 haar

1200 2905 99 33 hoofd,
1313 2905 37 33 de
1364 2905 80 33 Paus
1457 2905 54 33 van
1524 2905 103 33 Rome,
1643 2905 36 33 de
1693 2905 177 33 wereldlijke
1882 2905 97 33 m~cht

1199 2932 122 40 verloor,
1337 2932 96 40 welke
1455 2932 51 40 hij,
1532 2932 154 40 krachtens
1707 2932 173 40 Godd»fijke
1905 2932 74 40 wils-

1199 2969 202 33 beschikking,
1415 2969 30 33 in
1466 2969 58 33 den
1544 2969 69 33 loop
1635 2969 52 33 der
1707 2969 122 33 eeuwen
1849 2969 56 33 had
1917 2969 60 33 ver-

1199 3001 119 34 kre<en,
1331 3001 49 34 ten
1394 3001 86 34 eiade
1493 3001 47 34 die
1553 3001 125 34 vrijheid
1691 3001 27 34 te
1733 3001 199 34 b=schermen.

1232 3035 66 33 Van
1311 3035 68 33 daar
1392 3035 49 33 dat
1451 3035 71 33 Wij,
1539 3035 81 33 vurig
1642 3035 204 33 wenschende,
1873 3035 46 33 dat
1944 3035 35 33 ds

1199 3067 103 36 volken
1314 3067 53 36 zoo
1380 3067 120 36 spoedig
1512 3067 139 36 mogelijk
1668 3067 87 36 vrede
1779 3067 116 36 sluiten,
1921 3067 58 36 ook

1199 3100 54 32 den
1265 3100 119 32 innigen
1397 3100 119 32 wensch
1530 3100 161 32 koesterea,
1704 3100 48 32 dat
1765 3100 30 32 er
1813 3100 57 32 een
1894 3100 86 32 cinde

1198 3133 86 30 kome
1308 3133 56 30 aan
1384 3133 56 30 den
1463 3133 212 30 onhoudbaren
1696 3133 130 30 toestand
1850 3133 57 30 van
1931 3133 49 30 het

1200 3165 100 33 Hoofd
1313 3165 50 33 der
1376 3165 88 33 Kerk,
1479 3165 56 33 een
1555 3165 140 33 toes'and,
1718 3165 48 33 die
1790 3165 89 33 onder
1899 3165 81 33 meer

1199 3198 58 32 dan
1267 3198 53 32 één
1333 3198 112 32 opzicht
1467 3198 70 32 voor
1557 3198 36 32 ds
1616 3198 61 32 rust
1700 3198 91 32 oeder
1815 3198 36 32 de
1875 3198 104 32 vo'ken

1198 3231 105 35 hoogst
1315 3231 134 35 nadeelig
1461 3231 34 35 is.
1508 3231 34 35 In
1556 3231 68 35 deze
1634 3231 71 35 zaak
1716 3231 189 35 hernieuwen
1919 3231 59 35 Wij

1198 3263 63 34 hier
1274 3263 31 34 —
1316 3263 48 34 oai
1377 3263 268 34 dezelfderedenen
1658 3263 31 34 —
1713 3263 133 34 dezelfde
1871 3263 109 34 protes-

1198 3295 57 34 ten,
1268 3295 90 34 weïke
1370 3295 78 34 Onze
1461 3295 204 34 Voorgangers
1676 3295 178 34 meerm^len
1865 3295 116 34 hebben

1199 3328 189 35 ui'g'ebracht,
1403 3328 59 35 Eiet
1480 3328 97 35 geleid
1601 3328 73 35 door
1698 3328 212 35 mensch^lijke
1935 3328 46 35 be-

1199 3361 220 33 weegrfdenen,
1433 3361 73 33 docti
1517 3361 72 33 door
1609 3361 37 33 de
1664 3361 160 33 heiligheid
1848 3361 53 33 van
1920 3361 61 33 hun

1198 3393 89 33 ambt,
1313 3393 42 33 ter
1378 3393 187 33 uerdedi^ing
1593 3393 55 33 van
1678 3393 36 33 de
1744 3393 119 33 rechten
1883 3393 37 33 en
1944 3393 37 33 de

1199 3426 196 33 waardi^heid
1405 3426 54 33 van
1477 3426 58 33 den
1548 3426 227 33 Apos'.olischen
1788 3426 90 33 S'.oel.
1893 3426 14 33 »

1239 3530 288 71 ^adagavosl
1560 3530 83 71 van
1681 3530 84 71 dea
1802 3530 136 71 Paus,

1230 3627 102 29 Rome,
1346 3627 31 29 21
1392 3627 178 29 November.
1591 3627 31 29 —
1640 3627 44 29 De
1699 3627 141 29 Corrière
1853 3627 124 29 d'Itnlia

1196 3659 92 34 meldt
1309 3659 50 34 dat
1377 3659 148 34 kardinaal
1539 3659 133 34 Gaspari,
1687 3659 250 34 siaatssekretaris
1950 3659 30 34 in

1197 3692 19 33 't
1225 3692 151 33 Vatil'aau,
1391 3692 56 33 een
1460 3692 75 33 brief
1553 3692 141 33 gestuurd
1706 3692 81 33 heeft
1807 3692 57 33 aan
1887 3692 96 33 Uardi-

1196 3724 66 35 naal
1276 3724 135 35 Mercier,
1425 3724 219 35 aartsbisschop
1670 3724 52 35 van
1742 3724 110 35 België,
1876 3724 104 35 waarin

1196 3758 90 33 onder
1299 3758 80 33 meer
1392 3758 49 33 het
1452 3758 141 33 volgende
1607 3758 151 33 voorkomt
1769 3758 6 33 :

1229 3790 15 34 «
1258 3790 76 34 Laat
1359 3790 45 34 mij
1427 3790 47 34 me
1497 3790 80 34 innig
1589 3790 171 34 vereenigen
1774 3790 58 34 met
1845 3790 35 34 de
1893 3790 86 34 srnar-

1196 3823 52 31 ten
1268 3823 36 31 en
1327 3823 50 31 het
1398 3823 75 31 leed,
1487 3823 91 31 welke
1591 3823 50 31 het
1654 3823 61 31 wee
1728 3823 35 31 en
1777 3823 37 31 de
1824 3823 154 31 droefheid

1196 3855 48 35 die
1261 3855 50 35 uw
1331 3855 68 35 edel
1417 3855 37 35 en
1467 3855 144 35 duurbaar
1624 3855 169 35 Vaderland
1805 3855 172 35 onderstaat,

1196 3888 55 29 aan
1272 3888 46 29 uw
1340 3888 67 29 hait
1420 3888 55 29 van
1487 3888 105 29 herder
1604 3888 38 29 en
1654 3888 90 29 vader
1757 3888 221 29 verroorza^ea.

1171 3920 2 32 i
1227 3920 15 32 »
1256 3920 33 32 Ik
1312 3920 56 32 heb
1383 3920 59 32 niet
1464 3920 158 32 nagelaten
1645 3920 87 32 uv/en
1748 3920 75 32 brief
1837 3920 27 32 te
1877 3920 101 32 onder-

1171 3951 2 37 j
1197 3951 115 37 werpsn
1327 3951 57 37 aan
1406 3951 56 37 den
1484 3951 41 37 H.
1541 3951 107 37 Vader,
1671 3951 45 37 die
1729 3951 68 37 uvve
1809 3951 121 37 aagsien
1943 3951 37 37 en

1171 3987 2 31 i
1196 3987 69 31 <'e?.e
1278 3987 56 31 vaa
1347 3987 48 31 uw
1407 3987 97 31 zwaar
1516 3987 143 31 bepro^fd
1681 3987 69 31 voik
1763 3987 80 31 deelt
1856 3987 36 31 en
1912 3987 67 31 God

1195 4018 63 34 bidt
1281 4018 27 34 U
1330 4018 42 34 ter
1393 4018 71 34 hulp
1486 4018 28 34 te
1536 4018 116 34 komen,
1679 4018 28 34 U
1721 4018 29 34 te
1763 4018 124 34 steunen
1900 4018 36 34 en
1950 4018 30 34 te

1197 4051 126 29 troos'en
1336 4051 118 29 middea
1467 4051 83 29 uwer
1562 4051 154 29 droefheid
1728 4051 36 29 ea
1777 4051 90 29 îouw.

1230 4084 9 34 »
1256 4084 56 34 Ter
1335 4084 165 34 getuigenis
1522 4084 53 34 vaa
1597 4084 76 34 zijne
1695 4084 127 34 gunsten
1846 4084 37 34 en
1903 4084 76 34 zijne

1195 4116 157 35 vaderlijke
1365 4116 260 35 welwillendheid,
1656 4116 87 35 zendt
1766 4116 36 35 de
1827 4116 79 35 Paus
1924 4116 55 35 zijn

1195 4149 193 35 apostelijken
1401 4149 89 35 zegrn
1503 4149 57 35 aan
1585 4149 37 35 U,
1644 4149 55 35 aan
1723 4149 68 35 uwe
1811 4149 167 35 geestelijlc-

1195 4182 67 28 heid
1275 4182 37 28 ea
1324 4182 57 28 aaa
1395 4182 46 28 uw
1454 4182 79 28 volk.
1547 4182 15 28 »

1806 4216 140 33 (Reuter.)

1206 4266 11 16 ,
1228 4266 42 16 ...i.
1280 4266 41 16 ....
1377 4266 6 16 ■
1438 4266 1 16 ,
1558 4266 66 16 ^w<83P«'
1651 4266 35 16 ■■■■
1703 4266 1 16 '
1937 4266 2 16 .

1306 4316 568 160 Oorlog

1200 4494 64 88 ira
1306 4494 246 88 Bel^ië
1590 4494 90 88 en

1504 4592 64 92 in
1606 4592 370 92 Frankrijk.

1196 4707 59 35 Uit
1275 4707 189 35 Duiisehe
1485 4707 125 35 bron:

1228 4760 184 34 BERLIJN,
1446 4760 32 34 22
1496 4760 182 34 Novembf-.
1703 4760 126 34 (Wolflf.)
1857 4760 123 34 Kenais-

1196 4794 105 33 geving
1314 4794 53 33 vaa
1380 4794 91 33 heden
1492 4794 93 33 morg«
1594 4794 18 33 n
1625 4794 5 33 '
1663 4794 23 33 it
1755 4794 100 33 groote
1880 4794 102 33 hoofr'-

1194 4827 135 34 kwartier
1344 4827 6 34 :
1361 4827 47 34 Op
1420 4827 50 34 het
1479 4827 161 34 Westelijk
1658 4827 22 34 o
1701 4827 190 34 rlogsterrein
1905 4827 25 34 is
1943 4827 37 34 de

1193 4859 139 28 toestand
1345 4859 213 28 onveranderd.

2028 866 59 34 Uit
2107 866 201 34 Frarasehe
2329 866 123 34 bran:

2060 917 146 35 PARIJS,
2238 917 30 35 21
2290 917 178 35 November.
2491 917 143 35 (Reufer.)
2658 917 153 35 Officieele

2027 951 208 34 kennisgeving
2248 951 84 34 van's
2344 951 110 34 avonds
2468 951 41 34 elf
2530 951 60 34 ure.
2614 951 42 34 Er
2668 951 23 34 is
2717 951 94 34 heden

2027 982 74 35 niets
2113 982 176 35 belangrijks
2314 982 138 35 gebeurd,
2466 982 126 35 behalve
2617 982 29 35 in
2667 982 141 35 Wosvre,

2030 1015 79 34 wair
2121 1015 215 34 vijfainvallen
2349 1015 51 34 der
2421 1015 180 34 Duitschers,
2615 1015 30 34 in
2668 1015 55 34 een
2746 1015 64 34 tijd-

2029 1047 120 36 verloop
2181 1047 52 36 van
2265 1047 75 36 twee
2364 1047 52 36 ure
2444 1047 209 36 onîemomen,
2679 1047 70 36 door
2772 1047 36 36 de

2029 1080 150 34 Fransche
2191 1080 139 34 artil'erie
2341 1080 56 34 zijn
2421 1080 173 34 afseslagen.

2063 1112 145 34 PARIJS,
2222 1112 32 34 22
2265 1112 189 34 November.f
2464 1112 130 34 Reuter.)
2607 1112 43 34 De
2662 1112 151 34 Officieele

2030 1144 204 35 kennisgeving
2257 1144 57 35 van
2344 1144 20 35 's
2387 1144 132 35 middags
2543 1144 113 35 behelst
2685 1144 50 35 dat
2759 1144 50 35 het

2030 1179 55 33 van
2095 1179 64 33 laag
2171 1179 37 33 op
2219 1179 49 33 het
2280 1179 125 33 geheele
2419 1179 78 33 front
2515 1179 91 33 rustig
2629 1179 25 33 is
2672 1179 134 33 geweest.

2092 1222 264 92 Oorlog
2396 1222 356 92 tusschen

2062 1330 196 100 Servie
2310 1330 72 100 ea
2432 1330 348 100 Oostenrijk.

2030 1445 58 40 Uit
2108 1445 326 40 Oastenrijksehe
2456 1445 102 40 bran
2573 1445 10 40 s

2062 1503 198 34 WEENEN,
2274 1503 32 34 22
2319 1503 177 34 November.
2519 1503 125 34 (Wolff.)
2669 1503 65 34 Van
2764 1503 51 34 het

2031 1537 143 34 Zuidelijk
2184 1537 236 34 oorlogstooneel
2434 1537 94 34 wordt
2552 1537 124 34 ofticieel
2697 1537 116 34 meege-

2031 1569 138 33 deelddat
2182 1569 55 33 een
2249 1569 98 33 sterke
2360 1569 450 33 Oostentijksch-Hongaarsch3

2032 1603 218 31 troepenmacht
2279 1603 35 31 de
2344 1603 145 31 Kolu'oara
2517 1603 84 31 reeds
2630 1603 23 31 is
2693 1603 119 31 overge-

2033 1634 126 33 Irokken.
2172 1634 43 33 De
2231 1634 95 33 vijaad
2347 1634 79 33 biedt
2449 1634 99 33 ech'er
2565 1634 59 33 no?
2648 1634 163 33 wearstacd

2030 1666 30 35 ïn
2083 1666 208 35 verseheidene
2314 1666 206 35 goedgekozea
2546 1666 164 35 versterkte
2747 1666 66 35 stel-

2031 1704 108 28 lingen.

2064 1729 110 38 Groote
2199 1729 161 38 patroeljen
2390 1729 115 38 hebben
2534 1729 35 38 de
2598 1729 106 38 laatste
2734 1729 79 38 twee

2031 1763 95 34 da;en
2152 1763 95 34 weder
2268 1763 64 34 2440
2356 1763 191 34 irevaa^euen
2570 1763 147 34 genaaakt.
2754 1763 61 34 Het

2032 1796 96 36 aantal
2152 1796 155 36 Servische
2328 1796 283 36 kriigsg:vangenen
2633 1796 28 36 in
2698 1796 37 36 de
2770 1796 45 36 g?.-

2032 1829 124 30 vechten
2186 1829 94 30 sedert
2308 1829 16 30 6
2351 1829 169 30 November
2549 1829 25 30 is
2613 1829 127 30 hiermee
2774 1829 42 30 tôt

2033 1864 90 33 13,000
2135 1864 195 33 geklommen.

2096 1912 474 84 âussischî-Dui
2580 1912 172 84 tache

2230 2024 382 86 OORLOG.

2033 2140 58 33 Uit
2105 2140 188 33 Duitsche
2312 2140 103 33 bron
2431 2140 9 33 s

2065 2189 183 36 BERLIJN,
2274 2189 32 36 22
2330 2189 175 36 November.
2540 2189 124 36 (Wolff.)
2690 2189 127 36 Kennis-

2032 2220 104 38 geving
2148 2220 55 38 van
2216 2220 20 38 h
 2321  2220  140  38 morgend
 2475  2220  42  38 uit
 2529  2220  49  38 het
 2590  2220  101  38 groote
 2713  2220  103  38 hoofd-

 2033  2253  136  33 kwartier
 2180  2253  5  33 :
 2199  2253  34  33 In
 2244  2253  248  33 Rus-isch-Polen
 2505  2253  25  33 is
 2543  2253  58  33 nog
 2620  2253  88  33 geene
 2718  2253  97  33 beîlis-

 2032  2285  65  38 sing
 2116  2285  145  38 gevalien.
 2290  2285  62  38 Ten
 2378  2285  110  38 Zuidea
 2518  2285  57  38 van
 2602  2285  100  38 Plozk,
 2725  2285  29  38 ia
 2780  2285  37  38 de

 2032  2317  93  36 strée.k
 2138  2317  56  36 van
 2208  2317  82  36 Lodz
 2303  2317  35  36 en
 2358  2317  37  36 bij
 2416  2317  234  36 Czenstochowa,
 2670  2317  88  36 duurt
 2781  2317  36  36 de

 2034  2357  60  31 ttrij
 2106  2357  10  31 1
 2130  2357  91  31 vcort.

 2033  2403  58  40 Uit
 2113  2403  329  40 Oasteiîpljksche
 2470  2403  104  40 bran
 2597  2403  10  40 s

 2034  2451  4  38 .
 2065  2451  198  38 \v-EB-KEN,
 2274  2451  35  38 22
 2322  2451  179  38 November.
 2526  2451  113  38 (Wolff.

2034 2485 45 35 De
2092 2485 173 35 Duitschers
2278 2485 36 35 en
2339 2485 216 35 Oostenrijkerj
2576 2485 98 35 zetten
2695 2485 30 35 in
2740 2485 75 35 Rus-

2033 2520 184 30 sisch-Polen
2231 2520 97 30 hunne
2340 2520 195 30 aanvallende
2545 2520 189 30 bewegingen
2754 2520 61 30 niet

2033 2550 86 37 bijval
2134 2550 91 37 vooit.
2239 2550 47 37 Op
2297 2550 63 37 zich
2370 2550 59 37 zeif
2439 2550 124 37 siaande
2573 2550 239 37 tegenaaavallen

2033 2586 57 33 van
2110 2586 54 33 den
2178 2586 99 33 vijand
2290 2586 56 33 zija
2360 2586 184 33 afgeslagen.

2064 2613 55 36 Tôt
2143 2613 107 36 dusver
2274 2613 116 36 hebben
2414 2613 37 36 de
2473 2613 340 36 Oostenrijksche-Hon-

2032 2650 19 35 g
2058 2650 119 35 jarsche
2189 2650 121 35 troepen
2328 2650 78 35 meer
2428 2650 58 35 d.an
2508 2650 91 35 13,000
2622 2650 191 35 gevangenen

2033 2685 145 32 gemaakt.

2066 2711 64 33 0:k
2143 2711 48 33 ten
2211 2711 128 33 Westen
2362 2711 58 33 van
2444 2711 36 33 de
2504 2711 132 33 Dunaiec
2664 2711 36 33 en
2725 2711 30 33 in
2779 2711 37 33 de

2033 2744 172 38 Karpathen
2215 2744 55 38 zijn
2285 2744 178 38 belangrijke
2488 2744 164 38 gevechten
2667 2744 146 38 geleverd.

2034 2798 57 32 Uit
2111 2798 212 32 Russiseha
2345 2798 103 32 bi-on
2465 2798 11 32 s

2065 2849 378 32 ST-PETERSBURG.22
2456 2849 168 32 November
2636 2849 5 32 :
2657 2849 45 32 Ds
2713 2849 103 32 groote

2033 2881 134 34 generale
2193 2881 54 34 staf
2269 2881 78 34 deelt
2376 2881 122 34 officieel
2526 2881 101 34 m'îde:
2659 2881 46 34 De
2734 2881 82 34 strijd

2033 2913 139 31 tusschen
2186 2913 35 31 de
2234 2913 153 31 Weichsel
2409 2913 35 31 en
2466 2913 37 31 de
2524 2913 103 31 Warta
2651 2913 94 31 wordt
2760 2913 56 31 met

2032 2945 37 38 de
2080 2945 127 38 grootste
2220 2945 109 38 hardre
2351 2945 116 38 kig'neid
2481 2945 174 38 voortgezet.
2670 2945 59 38 Wij
2746 2945 69 38 heb-

2031 2978 57 35 ben
2100 2978 107 35 enkele
2219 2978 187 35 plaatselijke
2419 2978 239 35 overwiaaingen
2682 2978 100 35 b
 2794  2978  17  35 1.

 2066  3012  43  35 De
 2132  3012  160  35 gevechtea
 2316  3012  38  35 cp
 2378  3012  49  35 het
 2459  3012  80  35 frint
 2578  3012  234  35 Czenstochowe-

 2033  3045  121  33 Krakau
 2168  3045  114  33 hebben
 2295  3045  74  33 geen
 2390  3045  147  33 wijziging
 2561  3045  56  33 van
 2642  3045  170  33 beteekenis

 2033  3078  29  32 m
 2074  3078  55  32 den
 2142  3078  134  32 toestand
 2290  3078  150  32 gebracht.
 2454  3078  60  32 Wij
 2535  3078  113  32 hebbea
 2658  3078  64  32 2000
 2745  3078  66  32 maa

 2033  3109  148  36 gevangen
 2210  3109  144  36 geao.nea
 2383  3109  38  36 en
 2450  3109  212  36 mitrailjeuzea
 2705  3109  108  36 buitge-

 2032  3146  104  29 maakt.

 2066  3173  34  35 In
 2111  3173  114  35 Galic'c
2235 3173 118 35 hebben
2366 3173 37 35 de
2417 3173 215 35 Oostenrijkers
2652 3173 91 35 onder
2757 3173 58 35 den

2033 3208 73 31 druk
2135 3208 85 31 onzer
2248 3208 151 31 aanvallen
2429 3208 69 31 Neu
2519 3208 117 31 Sandez
2677 3208 65 31 (aan
2783 3208 35 31 dî

2036 3244 138 32 Dunajec)
2184 3244 155 32 ontruimd.

2036 3290 274 90 JurkîJe
2336 3290 92 90 en
2454 3290 362 90 En|@larad

2036 3407 58 28 Uit
2113 3407 174 28 Turksehe
2305 3407 105 28 bron:

2067 3453 396 32 KONSTANTINOPEL.
2473 3453 30 32 22
2511 3453 174 32 November.
2694 3453 125 32 (Wolff.)

2005 3481 9 46 |
2034 3481 166 46 (Officieel).
2225 3481 83 46 Nasr
2329 3481 49 46 het
2399 3481 234 46 hoofdkwaitier
2654 3481 165 46 mededeelt

2036 3518 56 35 zijn
2116 3518 36 35 de
2175 3518 154 35 Turksche
2353 3518 121 35 troepen
2498 3518 38 35 bij
2561 3518 48 35 het
2632 3518 187 35 Sjezkanaal

2033 3553 212 33 aangekomsn.

2065 3584 33 34 In
2110 3584 54 34 een
2176 3584 125 34 gevecht
2311 3584 38 34 bij
2365 3584 136 34 Kanlara
2511 3584 57 34 zijn
2579 3584 37 34 de
2627 3584 192 34 Eagelschen

2033 3617 146 33 versla^en
2208 3617 34 33 en
2272 3617 35 33 na
2335 3617 99 33 zwar;
2466 3617 145 33 verliezen
2641 3617 29 33 te
2700 3617 120 33 hebben

2032 3649 134 35 geledes,
2180 3649 152 35 gevlucht.

2154 3698 87 35 Aau
2270 3698 51 35 de
2352 3698 214 35 Perzisehe
2597 3698 99 35 Golf.

2033 3750 59 36 Uit
2111 3750 208 36 Turksehe
2340 3750 103 36 brois
2464 3750 11 36 :

2066 3804 392 32 KONSTANTINOPEL,
2482 3804 31 32 22
2536 3804 76 32 Nov.
2635 3804 125 32 (Wolff).
2788 3804 32 32 -

2034 3838 61 28 Het
2106 3838 151 28 Turksehe
2280 3838 226 28 hoofdkwartier
2530 3838 93 28 maakt
2640 3838 116 28 bekend
2770 3838 47 28 dat

2033 3870 55 34 den
2121 3870 29 34 18
2161 3870 86 34 dezer
2270 3870 51 34 aaa
2354 3870 57 34 den
2432 3870 64 34 Sjat
2509 3870 118 34 el-Arab
2652 3870 53 34 eea
2729 3870 87 34 hevi-f

2034 3902 124 34 sev»cht
2187 3902 24 34 is
2248 3902 136 34 geleverd
2414 3902 138 34 tusschen
2581 3902 167 34 Engelsche
2779 3902 37 34 ea

2032 3935 148 32 Turksehe
2202 3935 131 32 troepen.
2348 3935 44 32 De
2407 3935 143 32 veiliezen
2564 3935 51 32 der
2629 3935 184 32 Engelschea

2035 3968 97 33 waren
2157 3968 179 33 sanziealijk.
2363 3968 162 33 Gevaagea
2546 3968 140 33 genomea
2707 3968 106 33 Engel-

2032 4001 89 33 schea
2144 4001 116 33 hebben
2292 4001 153 33 verklaard
2469 4001 50 33 dat
2543 4001 60 33 hua
2626 4001 187 33 opperbevel-

2033 4033 111 33 hebber
2167 4033 127 33 gewcni
2315 4033 34 33 is.
2375 4033 62 33 Een
2461 4033 195 33 kanonschot,
2682 4033 18 33 d
2711 4033 44 33 )or
2780 4033 36 33 de

2034 4066 237 32 kanonneerboot
2294 4066 202 32 «Marmaris»
2516 4066 100 32 gelost,
2642 4066 81 32 heeft
2741 4066 74 32 eene

2033 4098 163 34 Engelsche
2219 4098 243 34 kanonneerboot
2485 4098 143 34 getroffea
2647 4098 35 34 ea
2704 4098 111 34 daarop

2032 4131 73 33 eene
2117 4131 172 33 ontploffing
2300 4131 203 33 veroorzaakt.

2065 4163 252 34 Bijzonderhedea
2330 4163 70 34 over
2417 4163 36 34 de
2465 4163 162 34 gevechtea
2640 4163 172 34 ontbreken.

2247 4211 44 35 la
2302 4211 51 35 de
2367 4211 156 35 Zwarte
2535 4211 91 35 Zee.

2069 4267 58 34 Uit
2141 4267 207 34 Turksehe
2363 4267 103 34 bran
2480 4267 11 34 :

2066 4319 391 32 KONSTANTINOPEL,
2483 4319 32 32 22
2540 4319 78 32 Nor.
2641 4319 125 32 (Wolff.)
2783 4319 33 32 —

2032 4353 151 33 Officieel' .}
 2205  4353  211  33 kennisgeving
 2443  4353  52  33 van
 2508  4353  290  33 hethoofdkwartier
 2810  4353  6  33 ;

 2033  4385  45  31 De
 2091  4385  112  31 kruiser
 2217  4385  138  31 Hamidié
 2369  4385  81  31 heeft
 2462  4385  128  31 gisteren
 2603  4385  38  31 de
 2656  4385  160  31 Russische

 2031  4418  238  34 opslagplaatsen
 2301  4418  57  34 van
 2383  4418  162  34 petrcleuta
 2570  4418  38  34 ea
 2631  4418  37  34 de
 2692  4418  123  34 stations

 2034  4451  69  32 voor
 2126  4451  173  32 draadlooze
 2311  4451  152  32 telegrafie
 2473  4451  28  32 te
 2513  4451  136  32 Tuaqsse
 2660  4451  60  32 (ten
 2733  4451  83  32 Zuid-

 2031  4482  111  39 Oosjen
 2189  4482  57  39 van
 2280  4482  99  39 Nowo
 2414  4482  133  39 Kossisk)
 2582  4482  164  39 beschoten
 2782  4482  36  39 en

 2032  4517  140  28 vernield.

 2038  4596  60  110 Oi
 2140  4596  208  110 rnM
 2396  4596  48  110 ia
 2492  4596  322  110 ZiiH-IfriKa.

 2065  4726  219  36 PRETORIA,
 2295  4726  221  36 22November.
 2525  4726  129  36 (Reuter.
 2663  4726  156  36 Officieel.)

 2033  4761  45  33 De
 2090  4761  129  33 opstand
 2231  4761  23  33 is
 2267  4761  54  33 aan
 2335  4761  48  33 het
 2395  4761  184  33 uitbrandea.
 2602  4761  46  33 De
 2661  4761  157  33 opstaade-

 2031  4794  100  33 lingen
 2152  4794  93  33 gevea
 2268  4794  63  33 zich
 2355  4794  145  33 dagelijks
 2520  4794  29  33 in
 2569  4794  102  33 groote
 2693  4794  126  33 getallea

 2032  4826  79  29 over.
 2130  4826  104  29 Ileden
 2255  4826  117  29 hebben
 2395  4826  64  29 zich
 2479  4826  75  29 twee
 2578  4826  91  29 zoons
 2690  4826  59  29 vaa
 2774  4826  46  29 De

 2033  4859  70  32 Wet
 2117  4859  217  32 overgegeven.

 2974  868  570  88 DA6B0EK.

 2894  976  82  78 De
 3014  976  282  78 Duitsche
 3338  976  278  78 soldâtes

 3070  1086  96  52 TE
 3232  1086  210  52 GENT

 2866  1184  217  40 Telegram
 3098  1184  78  40 vas?
3188 1184 68 40 het
3272 1184 172 40 Gents-jh
3460 1184 191 40 gemeeir

2903 1221 213 38 tebesiaur
3137 1221 79 38 aan
3242 1221 40 38 Z.
3308 1221 46 38 M.
3379 1221 79 38 den
3480 1221 171 38 iioning.

2900 1270 116 32 Ziehier
3050 1270 49 32 het
3132 1270 134 32 telegram
3295 1270 49 32 dat
3373 1270 51 32 het
3451 1270 113 32 kollege
3593 1270 58 32 van

2871 1302 225 33 Burgemeester
3106 1302 36 33 en
3153 1302 178 33 Schepenen
3340 1302 150 33 gezondea
3503 1302 81 33 heeft
3596 1302 53 33 aan

2869 1334 57 34 dea
2941 1334 127 34 Koning,
3082 1334 39 34 op
3135 1334 30 34 15
3180 1334 168 34 November
3360 1334 5 34 :

2900 1367 16 31 «
2929 1367 61 31 Het
3011 1367 286 31 Gemeentebesiuur
3319 1367 56 31 van
3396 1367 87 31 Gent,
3510 1367 40 31 uit
3564 1367 87 31 name

2869 1399 57 35 van
2938 1399 114 35 gansch
3062 1399 37 35 de
3117 1399 164 35 bevoiking,
3297 1399 137 35 verzoekt
3447 1399 203 35 eerbiediglijk

2869 1432 82 34 Zijne
2967 1432 149 34 Majesteit
3129 1432 56 34 den
3197 1432 126 34 Konini?.
3340 1432 44 34 ter
3393 1432 192 34 geleienheid
3596 1432 54 34 van

2868 1463 56 36 zijn
2951 1463 88 36 P^itio
3052 1463 116 36 mfeest,
3193 1463 34 36 de
3252 1463 89 36 hulde
3371 1463 57 36 van
3451 1463 73 36 zijne
3547 1463 102 36 onver-

2869 1497 166 34 gaakelijke
3059 1497 219 34 verkleefdheid
3299 1497 36 34 en
3358 1497 55 34 van
3434 1497 75 34 zijne
3523 1497 127 34 vurigsta

2869 1530 154 28 wenschen
3037 1530 28 28 te
3078 1530 99 28 willea
3190 1530 194 28 aanvaardea.

3327 1562 46 31 De
3385 1562 95 31 Burae
3489 1562 128 31 neester,

3354 1594 36 28 E.
3404 1594 154 28 BRAUN.
3575 1594 10 28 »

2868 1643 227 31 Provinolaal
3107 1643 140 31 bsstuur
3257 1643 70 31 van
3339 1643 311 31 Oost-Vlaanderan

2934 1685 386 54 Provinciale
3357 1685 238 54 schuld,

2902 1762 45 33 De
2958 1762 133 33 kcepons
3098 1762 49 33 der
3155 1762 176 33 provinciale
3338 1762 104 33 schuld
3449 1762 56 33 van
3515 1762 135 33 2,000,000

2870 1794 55 33 aa.i
2940 1794 15 33 2
2969 1794 41 33 1/2
3033 1794 51 33 0/0,
3111 1794 190 33 vervallende
3324 1794 56 33 den
3405 1794 10 33 1
3436 1794 117 33 Januari
3578 1794 72 33 1915,

2871 1827 65 33 zijn,
2951 1827 7 33 *
2968 1827 35 33 an
3015 1827 40 33 nu
3066 1827 36 33 af,
3117 1827 179 33 betaalbaar,
3320 1827 107 33 zonder
3450 1827 201 33 korUngnoch

2874 1859 178 31 kommissie,
3072 1859 44 31 ter
3135 1859 83 31 Bank
3243 1859 56 31 van
3324 1859 196 31 Vlaanderen,
3543 1859 108 31 Naam-

2871 1892 82 33 looze
2970 1892 226 33 Maatschappij,
3219 1892 170 33 aanges'eld
3402 1892 72 33 door
3487 1892 35 33 de
3533 1892 118 33 Besten-

2838 1925 97 133 Idige
2949 1925 159 133 Deputa'ie
3122 1925 18 133 a
3152 1925 14 133 s
3180 1925 180 133 provinciale
3374 1925 180 133 Ontvanger.

3101 1964 47 33 De
3169 1964 158 33 Voorzit'er
3347 1964 57 33 van
3422 1964 48 33 het.
3490 1964 163 33 Burgerlijk

3131 1997 114 32 Beheer
3264 1997 52 32 van
3335 1997 285 32 Oost-Vlaanderen,

3316 2030 107 27 Ecker.

3032 2126 470 84 ALLERLEI.

2972 2224 134 37 Hazen
3130 2224 52 37 en
3203 2224 119 37 wilde
3344 2224 206 37 konîinen.

2904 2268 80 34 Door
2995 2268 50 34 het
3055 2268 109 34 verbod
3177 2268 104 34 draper
3295 2268 29 34 te
3335 2268 58 34 zijn
3413 2268 54 34 var.
3481 2268 119 34 wjpens
3614 2268 38 34 en

2870 2301 103 33 tevens
2987 2301 55 33 van
3066 2301 199 33 vuurschoten
3289 2301 28 33 (e
3338 2301 107 33 loasen,
3470 2301 25 33 is
3521 2301 41 33 (lit
3585 2301 65 33 jaar

2870 2328 120 41 feitelijk
3004 2328 36 41 de
3052 2328 76 41 jacht
3141 2328 144 41 geiloten.
3302 2328 55 41 Die
3371 2328 135 41 toestand
3523 2328 46 41 die
3594 2328 56 41 eaa

2870 2361 104 40 gevolg
2998 2361 25 40 is
3049 2361 52 40 van
3130 2361 57 40 den
3213 2361 108 40 ootlo?,
3352 2361 132 40 waaraan
3512 2361 137 40 niemand

2871 2398 96 34 dacht,
2992 2398 80 34 heeft
3094 2398 35 34 bij
3151 2398 36 34 de
3206 2398 201 34 landbauwers
3418 2398 72 34 eene
3502 2398 149 34 gegtonde

2872 2431 81 32 vr.ees
2972 2431 75 32 doen
3067 2431 134 32 oatstaan
3220 2431 71 32 voor
3312 2431 118 32 hunnea
3448 2431 202 32 aans'ajnden

2870 2463 94 34 oogst,
2979 2463 46 34 die
3041 2463 63 34 vast
3114 2463 37 34 en
3162 2463 86 34 zeker
3263 2463 61 34 ta^l
3333 2463 44 34 zal
3390 2463 28 34 te
3428 2463 91 34 lijdea
3532 2463 117 34 hebbea

2870 2496 57 33 van
2940 2496 36 33 de
2988 2496 93 33 hazen
3094 2496 35 33 en
3140 2496 85 33 wilde
3239 2496 97 33 konijn
3357 2496 29 33 n.

2906 2528 49 33 Uit
2968 2528 121 33 Namen,
3103 2528 90 33 onder
3205 2528 113 33 andere,
3335 2528 91 33 wordt
3450 2528 121 33 gemeld,
3588 2528 60 33 dat,

2871 2560 29 29 ia
2911 2560 103 29 zekere
3034 2560 107 29 deelen
3161 2560 55 29 vaa
3236 2560 63 29 Con
3312 2560 59 29 iroz
3392 2560 48 29 het
3462 2560 70 29 wild
3545 2560 63 29 zich
3621 2560 30 29 ia

2869 2593 159 29 overvloel
3040 2593 135 29 verloont
3197 2593 37 29 en
3258 2593 46 29 dat
3325 2593 35 29 de
3372 2593 176 29 landbouwe
3563 2593 15 29 s
3593 2593 59 29 met

2870 2626 54 40 een
2939 2626 129 40 bînepen
3089 2626 62 40 hart
3172 2626 120 40 hunnea
3311 2626 197 40 aaastaaaden
3526 2626 84 40 oogst
3623 2626 28 40 te

2870 2658 84 34 gemo
 2997  2658  73  34 ziea,
 3083  2658  67  34 daar
 3163  2658  38  34 hij
 3217  2658  92  34 dreist
 3322  2658  72  34 door
 3407  2658  47  34 die
 3467  2658  98  34 kleine
 3577  2658  73  34 vier-

 2871  2691  115  33 pooters
 3010  2691  181  33 afgeknaagd
 3203  2691  38  33 en
 3252  2691  204  33 grootendeels
 3469  2691  182  33 opgevretea

 2871  2725  28  27 te
 2913  2725  127  27 worden.

 2903  2755  70  29 Wat
 2987  2755  62  29 ?.ich
3062 2755 30 29 in
3101 2755 50 29 het
3164 2755 190 29 Namensche
3368 2755 150 29 voordoet.
3543 2755 24 29 is
3591 2755 60 29 ook

2871 2788 49 34 het
2932 2788 25 34 g!
2970 2788 44 34 va'
3040 2788 26 34 in
3087 2788 107 34 andere
3217 2788 173 34 provinciën
3412 2788 73 34 waar
3508 2788 37 34 de
3563 2788 90 34 jacht-

2872 2821 5 34 I
2891 2821 101 34 artijen
3022 2821 125 34 jaarlijks
3180 2821 162 34 duizendea
3381 2821 85 34 stuks
3505 2821 69 34 wild
3603 2821 50 34 op-

2872 2857 153 26 brachten.

2903 2886 18 35 't
2943 2886 28 35 Is
2995 2886 28 35 te
3047 2886 97 35 hopea
3166 2886 46 35 dat
3234 2886 10 35 f
3251 2886 16 35 r
3278 2886 193 35 maatrfgelen
3492 2886 96 35 zullen
3602 2886 47 35 ge-

2871 2913 105 37 troften
2999 2913 120 37 worden
3142 2913 46 37 om
3211 2913 49 37 het
3282 2913 77 37 gelai
3373 2913 27 37 te
3411 2913 117 37 dunnen
3538 2913 54 37 van
3605 2913 49 37 die

2871 2951 110 34 dieren,
3004 2951 47 34 die
3072 2951 55 34 zoo
3151 2951 157 34 schadelijk
3328 2951 57 34 zijn
3410 2951 71 34 voor
3498 2951 36 34 de
3547 2951 105 34 akker-

2871 2983 104 34 velden
2990 2983 27 34 in
3032 2983 50 34 het
3096 2983 151 34 algemeen
3261 2983 36 34 ea
3313 2983 69 34 voor
3395 2983 56 34 dea
3463 2983 189 34 landbouwer

2871 3018 30 32 in
2913 3018 48 32 het
2974 3018 155 32 bijzoader.

2963 3056 151 34 Namen
3142 3056 42 34 in
3211 3056 51 34 de
3290 3056 221 34 duisternis
3523 3056 13 34 !
3547 3056 20 34 ?

2903 3101 46 34 Da
2962 3101 237 34 Gaskoinpagnie
3221 3101 28 34 te
3270 3101 114 34 Namen
3407 3101 81 34 heeft
3509 3101 56 34 aan
3583 3101 74 34 hare

2871 3134 242 33 geabonneerden
3138 3134 77 33 latea
3242 3134 104 33 wetea,
3372 3134 45 33 dat
3442 3134 34 33 zij
3503 3134 60 33 niet
3596 3134 59 33 kan

2873 3167 184 33 waarbo-g^n
3085 3167 59 33 hua
3166 3167 138 33 dagelijl.s
3334 3167 35 33 de
3395 3167 126 33 noodige
3549 3167 52 33 gas
3627 3167 29 33 ta

2871 3194 120 37 kunnea
3006 3194 110 37 blijven
3139 3194 129 37 leve'ren,
3283 3194 17 37 d
3311 3194 42 37 mr
3365 3194 35 37 de
3418 3194 236 37 kolenvoorraad

2872 3231 78 34 sierk
2971 3231 57 34 aan
3050 3231 18 34 't
3080 3231 151 34 minderen
3244 3231 34 34 is.
3301 3231 19 34 't
3334 3231 27 34 Is
3383 3231 28 34 te
3432 3231 96 34 hopen
3546 3231 47 34 dat
3617 3231 38 34 de

2873 3264 129 34 bavoegd
3013 3264 5 34 :
3030 3264 61 34 ove'
3101 3264 66 34 heid
3177 3264 47 34 zal
3236 3264 106 34 zorgen
3356 3264 72 34 voor
3440 3264 56 34 den
3510 3264 145 34 noodigen

2872 3298 127 27 aanvxer
3013 3298 54 27 van
3082 3298 95 27 kolen.

2904 3329 134 35 Andsrzij
3053 3329 23 35 !s
3091 3329 94 35 wordt
3198 3329 41 35 uit
3252 3329 45 35 die
3310 3329 63 35 stad
3396 3329 156 35 verzekerd
3565 3329 49 35 dat
3626 3329 31 35 er

2873 3362 74 33 seen
2971 3362 125 33 druppel
3121 3362 115 33 petrool
3268 3362 80 33 meer
3381 3362 28 33 te
3433 3362 114 33 krijgea
3570 3362 25 33 is
3627 3362 31 33 in

2875 3396 127 27 Namea.

2906 3426 114 35 Namen
3034 3426 92 35 dreigt
3138 3426 54 35 dus
3212 3426 140 35 dagelijks
3366 3426 60 35 met
3439 3426 56 35 den
3510 3426 147 35 valavond

2872 3460 29 33 ia
2912 3460 73 33 eene
2998 3460 148 33 volladige
3159 3460 66 33 duis
3240 3460 76 33 ernis
3328 3460 178 33 gedompeld
3529 3460 29 33 te
3583 3460 73 33 wor-

2872 3492 55 32 den
2940 3492 95 32 indien
3046 3492 30 32 er
3090 3492 73 32 geen
3182 3492 109 32 middel
3312 3492 156 32 gevondea
3495 3492 91 32 wordt
3599 3492 58 32 aan

2872 3519 239 40 hetgas^eslicht
3124 3519 38 40 de
3175 3519 126 40 noedige
3314 3519 89 40 kolea
3424 3519 28 40 te
3477 3519 180 40 verzekerea

2873 3558 71 33 voor
2956 3558 48 33 het
3016 3558 178 33 voortzetten
3206 3558 85 33 zijner
3310 3558 178 33 exploiiatie.

3039 3598 43 40 ïn
3104 3598 50 40 de
3176 3598 308 40 Ioapîir.îchten.

2906 3643 42 33 Bij
2964 3643 41 33 dit
3018 3643 72 33 gme
3103 3643 213 33 winterweder,
3344 3643 92 33 wordt
3462 3643 30 33 er
3522 3643 65 33 veel
3612 3643 45 33 ge-

2873 3676 89 33 dacht
2975 3676 57 33 aan
3044 3676 72 33 oaze
3134 3676 220 33 kloekmoedige
3366 3676 133 33 joagens,
3526 3676 47 33 die
3595 3676 62 33 zich

2873 3710 53 31 aan
2939 3710 37 31 de
2985 3710 135 31 vechtiijn
3131 3710 151 31 bevinden,
3295 3710 36 31 en
3343 3710 72 31 door
3425 3710 97 31 regen,
3535 3710 121 31 sneeuw

2874 3741 135 32 eivorst,
3025 3741 78 32 soms
3121 3741 142 32 urenlaag
3287 3741 36 32 en
3346 3741 73 32 zelfs
3440 3741 102 32 dagen,
3566 3741 29 32 in
3620 3741 37 32 de

2872 3774 205 33 loopgrachten
3089 3774 113 33 inoefen
3216 3774 212 33 doorbreagen.

2906 3806 62 33 Eea
2989 3806 229 33 korrespondent
3240 3806 54 33 vaa
3315 3806 38 33 de
3375 3806 107 33 7'imes,
3505 3806 30 33 in
3559 3806 97 33 West

 2873  3839  190  33 Vlaanderen
 3077  3839  103  33 vertelt
 3192  3839  58  33 van
 3263  3839  49  33 het
 3326  3839  116  33 verbhjf
 3455  3839  51  33 der
 3519  3839  135  33 soldaten

 2871  3872  30  32 in
 2913  3872  35  32 de
 2960  3872  28  32 lo
3063 3872 84 32 avea,
3161 3872 30 32 ia
3203 3872 69 32 deze
3285 3872 96 32 koude
3394 3872 104 32 digea.

2904 3904 45 32 De
2972 3904 211 32 loopgrachten
3214 3904 121 32 vormea
3364 3904 73 32 eene
3469 3904 184 32 beschutling

2872 3937 85 32 tegen
2971 3937 57 32 den
3049 3937 174 32 snijdenden
3244 3937 88 32 wind,
3355 3937 47 32 die
3423 3937 57 32 van
3493 3937 37 32 de
3542 3937 53 32 zee
3613 3937 43 32 uit

2872 3968 70 33 over
2967 3968 36 33 de
3023 3968 202 33 troostelooze,
3248 3968 67 33 lage
3339 3968 37 33 en
3398 3968 131 33 drassige
3550 3968 105 33 velden

2872 4001 138 33 tuîschea
3025 4001 196 33 Nieuwpoort
3234 4001 36 33 ea
3284 4001 170 33 Diksmuide
3468 4001 97 33 waait.

2906 4034 59 34 Het
2978 4034 54 34 zou
3053 4034 73 34 eene
3142 4034 221 34 vergissingzija
3377 4034 27 34 te
3418 4034 111 34 denken
3543 4034 48 34 dat
3606 4034 48 34 het

2873 4067 86 32 leven
2972 4067 30 32 in
3023 4067 37 32 de
3072 4067 180 32 loopgraven
3270 4067 15 32 a
3295 4067 29 32 m
3338 4067 56 32 dea
3407 4067 74 32 Yzer
3494 4067 49 32 het
3568 4067 86 32 maxi-

2874 4100 75 32 mum
2964 4100 53 32 vaa
3037 4100 144 32 ongemak
3200 4100 165 32 beteekent.
3380 4100 80 32 Deze
3473 4100 180 32 loopgraven

2872 4132 58 34 zijn
2943 4132 53 34 zoo
3018 4132 74 34 goei
3105 4132 145 34 ingeriefât
3274 4132 37 34 en
3324 4132 54 34 zoo
3403 4132 130 34 beschut,
3554 4132 41 34 a's
3620 4132 34 34 ze

2872 4165 73 33 door
2968 4165 176 33 inspmning
3172 4165 34 33 en
3238 4165 117 33 vernuft
3385 4165 78 33 maar
3489 4165 165 33 eenigszins

2872 4192 119 38 kunnen
3005 4192 134 38 gemaa'ù
3164 4192 131 38 worden.
3310 4192 45 38 De
3368 4192 26 38 m
3403 4192 186 38 mschappen
3608 4192 48 38 dia

2873 4230 133 33 beneden
3019 4230 36 33 de
3080 4230 193 33 oppervlakte
3288 4230 54 33 vaa
3366 4230 56 33 den
3444 4230 209 33 bolemzitten

2872 4262 116 34 hebben
3010 4262 63 34 zich
3086 4262 55 34 zoo
3166 4262 156 34 iagedami
3348 4262 47 34 dat
3409 4262 77 34 wind
3508 4262 89 34 regen
3621 4262 34 34 en

2872 4296 120 32 sneeuw
3004 4296 59 32 hen
3075 4296 61 32 niet
3146 4296 151 32 bijzoader
3309 4296 100 32 deren.

2904 4328 169 32 Sommigen
3085 4328 56 32 zijn
3153 4328 52 32 zoo
3218 4328 135 32 gelukkig
3377 4328 132 32 geweest
3523 4328 63 32 zich
3603 4328 54 32 vaa

2872 4362 296 32 peiro'eutnvuurljes
3178 4362 122 32 meester
3314 4362 27 32 te
3359 4362 113 32 maken,
3493 4362 36 32 en
3550 4362 30 32 in
3605 4362 49 32 dat

2870 4393 149 35 ge7alzijn
3031 4393 36 35 de
3081 4393 156 35 Kamertjes
3248 4393 57 35 mat
3319 4393 108 35 aarden
3439 4393 124 35 waaden
3576 4393 79 35 soin»

2873 4426 123 28 warmer
3007 4426 35 28 en
3055 4426 157 28 misschien
3225 4426 80 28 meer
3318 4426 132 28 bfs'oten
3463 4426 193 28 enbenauwd

2871 4459 59 33 dan
2942 4459 121 33 volgens
3076 4459 37 33 de
3125 4459 260 33 gezondheidsleer
3398 4459 55 33 wel
3464 4459 74 33 goed
3554 4459 35 33 is.

2982 4499 177 38 Franseh
3186 4499 364 38 oorlogskredriet

2903 4544 193 31 Zwitsersche
3121 4544 103 31 bladen
3247 4544 123 31 melden,
3390 4544 49 31 dat
3458 4544 36 31 de
3505 4544 151 31 Franschs

2870 4577 153 34 regeering
3032 4577 57 34 aan
3103 4577 37 34 de
3150 4577 118 34 Ramer,
3280 4577 47 34 die
3336 4577 32 34 20
3380 4577 158 34 December
3550 4577 106 34 bijeen-

2870 4609 82 32 komt
2976 4609 52 32 een
3051 4609 193 32 oorlogskred
3256 4609 30 32 et
3306 4609 55 32 van
3376 4609 30 32 10
3419 4609 125 32 mililard
3558 4609 41 32 frs
3614 4609 45 32 zal

2870 4651 120 24 vragen.

3003 4683 55 40 De
3073 4683 82 40 reis
3169 4683 78 40 van
3267 4683 119 40 graaî
3399 4683 124 40 Tisza.

2904 4728 185 33 BERLIJN,
3123 4728 32 33 22
3194 4728 182 33 November.
3412 4728 124 33 (Wolff.)
3570 4728 91 33 Graaf

2871 4760 97 34 Tiszi,
2983 4760 37 34 de
3035 4760 215 34 Hongaarsche
3269 4760 303 34 minister-presideat,
3592 4760 24 34 is
3631 4760 30 34 in

2871 4788 51 40 het
2949 4788 143 40 Duitsche
3110 4788 103 40 groote
3236 4788 232 40 hoofdkwartier
3503 4788 72 40 door
3603 4788 56 40 den

2873 4826 107 34 Keizer
3021 4826 30 34 ia
3082 4826 149 34 langdurig
3264 4826 112 34 gehoor
3414 4826 169 34 oatvaagea
3624 4826 38 34 en

2853 4858 4 35 .
2872 4858 110 35 daarna
2994 4858 73 35 door
3079 4858 56 35 den
3151 4858 103 35 Keizer
3266 4858 42 35 tôt
3321 4858 48 35 het
3383 4858 102 35 oa'b:jt
3513 4858 146 35 uitgenoo-
3685 4858 7 35 ,

3681 4920 38 29 S/7

3679 4954 13 10 »»
3701 4954 3 10 .
3712 4954 7 10 _
