4033 5291
299 328 83 37 digd.
395 328 86 37 Tisza
499 328 80 37 heeft
591 328 60 37 ook
671 328 183 37 gesprekkea
874 328 130 37 gevocrd
1025 328 60 37 met

297 362 62 32 den
372 362 220 32 rijkskansclicr
609 362 36 32 en
658 362 56 32 den
739 362 129 32 minisler
892 362 58 32 van
974 362 110 32 buiten-

300 397 145 29 landsche
462 397 101 29 zaken.

374 436 164 42 Dultsch
571 436 229 42 burgerlifk
834 436 172 42 bestuur

537 475 41 39 te
606 475 239 39 Naubeuge.

333 518 66 37 Ook
412 518 171 37 Maubeuge
595 518 87 37 krijgt
702 518 56 37 eea
779 518 128 37 Duitsch
924 518 162 37 burgerlijk

298 552 133 36 bestuur,
460 552 51 36 dat
539 552 221 36 ondergeschikt
789 552 46 36 zal
863 552 59 36 ziin
949 552 58 36 aan
1027 552 58 36 den

297 582 332 39 gouverneur-generaal
653 582 58 39 van
741 582 113 39 België.
887 582 62 39 Het
977 582 108 39 betreft

297 618 65 34 hier
374 618 56 34 een
442 618 106 34 gebied
561 618 57 34 met
632 618 109 34 100.000
752 618 156 34 Inwoners,
923 618 162 34 waaronder

297 653 94 29 J5.000
403 653 267 29 fabriekarbeiders.

299 693 157 39 Aanval
476 693 103 39 door
599 693 252 39 vliegtuigen

582 727 52 45 op
656 727 78 45 een
753 727 329 45 Zeppelinloods.

472 776 138 33 (Nadere
627 776 284 33 bijsonderheden.J

333 813 135 37 Omtrent
491 813 58 37 den
562 813 119 37 aanslag
694 813 58 37 van
764 813 36 37 de
811 813 167 37 Engelsche
990 813 92 37 lucht-

297 846 141 39 vaarders
457 846 40 39 op
515 846 37 39 de
582 846 212 39 luchtschepen
825 846 87 39 loods
931 846 30 39 te
984 846 99 39 Fried-

298 880 169 30 richshafen
481 880 90 30 meldt
583 880 36 30 de
630 880 15 30 «
655 880 213 30 Sehwàbische
880 880 119 30 Merkur
1009 880 15 30 »
1036 880 46 30 dat

298 912 40 31 de
358 912 152 31 luchtvaar
514 912 65 31 Jers
603 912 49 31 ree
663 912 25 31 Is
712 912 47 31 om
780 912 30 31 12
822 912 53 31 ure
888 912 27 31 te
936 912 146 31 Constanz

298 945 102 36 •waren
412 945 171 36 opgemerkt
596 945 35 36 en
650 945 48 36 dat
711 945 35 36 de
758 945 132 36 militaire
901 945 140 36 overheid
1052 945 31 36 te

298 979 261 35 Fiiedrichshafen
573 979 57 35 van
644 979 65 35 daar
718 979 235 35 gevaarschuwd
968 979 64 35 was.

334 1011 60 34 Het
408 1011 200 34 de'achement
620 1011 95 34 gelast
728 1011 59 34 met
799 1011 37 34 de
856 1011 154 34 bewakiog
1031 1011 52 34 der

299 1044 242 35 Zeppelinloods,
564 1044 89 35 ontvi;
669 1044 19 35 g
706 1044 38 35 de
762 1044 221 35 luchtvaarders
996 1044 87 35 dade-

299 1076 52 35 lijk
364 1076 58 35 met
435 1076 286 35 jrjnaat-kartetsen
734 1076 36 35 en
783 1076 39 35 mi
835 1076 168 35 railjeuzen.
1017 1076 67 35 Een

299 1111 52 32 der
371 1111 222 32 luchtvaardcrs
613 1111 108 32 daalde
741 1111 41 32 tôt
804 1111 39 32 op
863 1111 32 32 30
915 1111 109 32 meters
1046 1111 38 32 en

297 1144 95 31 wierp
407 1144 135 31 bomir.en
554 1144 42 31 uit
610 1144 108 31 zonder
731 1144 111 31 schade
853 1144 53 31 aan
919 1144 28 31 te
961 1144 121 31 richten.

298 1175 47 34 De
375 1175 242 34 benzinehouder
644 1175 57 34 -^an
722 1175 52 34 het
796 1175 184 34 vliegtoesîd
1006 1175 78 34 werl

299 1209 170 31 doorboord
509 1209 36 31 en
586 1209 37 31 de
663 1209 209 31 luchtvaarder
911 1209 97 31 moest
1043 1209 40 31 op

298 1242 51 28 100
360 1242 109 28 meters
482 1242 52 28 van
547 1242 38 28 ds
597 1242 84 28 loods
694 1242 88 28 lande
792 1242 19 28 i.

334 1273 33 35 In
381 1273 36 35 de
431 1273 117 35 wcning
561 1273 57 35 van
642 1273 55 35 den
719 1273 110 35 portier
841 1273 151 35 gebracht,
1006 1273 77 35 zonk

299 1306 41 39 hji
365 1306 199 39 bewusteloos
584 1306 79 39 neer,
686 1306 76 39 doch
781 1306 90 39 kwam
896 1306 122 39 spoedig
1030 1306 51 39 bij,

299 1339 42 34 hij
355 1339 20 34 h
396 1339 17 34 d
425 1339 91 34 lichte
537 1339 123 34 wonden
681 1339 58 34 aan
756 1339 51 34 het
819 1339 101 34 hoofd.
935 1339 46 34 De
993 1339 90 34 lucht-

302 1372 119 34 vaarder
445 1372 79 34 werd
544 1372 187 34 opgenomen
759 1372 30 34 in
818 1372 38 34 de
881 1372 202 34 gevangenen-

303 1404 146 35 Rfdeeling
461 1404 52 35 van
526 1404 51 35 lut
590 1404 146 35 hospitaal
747 1404 149 35 gebracht.
908 1404 60 35 Het
979 1404 104 35 toestel

298 1436 94 34 droeg
412 1436 50 34 het
482 1436 145 34 opschrift
648 1436 83 34 Auro
754 1436 58 34 aan
834 1436 36 34 de
883 1436 151 34 voorzijde
1046 1436 37 34 en

298 1469 51 33 het
369 1469 133 33 nummer
522 1469 48 33 874
590 1469 58 33 aan
669 1469 37 33 de
719 1469 92 33 staart
821 1469 7 33 ;
850 1469 58 33 aan
926 1469 36 33 de
980 1469 103 33 onder-

298 1502 74 33 kant
385 1502 53 33 van
452 1502 35 33 de
499 1502 133 33 vleugels
646 1502 100 33 waren
767 1502 100 33 groote
879 1502 90 33 roode
981 1502 102 33 ringen

300 1533 163 37 bevestigd.

335 1567 44 33 De
390 1567 109 33 andere
512 1567 91 33 wierp
617 1567 52 33 cen
683 1567 70 33 bom
771 1567 28 33 in
813 1567 37 33 de
873 1567 146 33 nabijheid
1033 1567 51 33 der

299 1601 36 34 sp
346 1601 206 34 )orwegslatie.
568 1601 65 34 Een
646 1601 150 34 wetkman
813 1601 53 34 van
880 1601 37 34 de
930 1601 153 34 Zeppelin-

299 1633 116 33 fabriek
425 1633 80 33 werd
518 1633 70 33 door
602 1633 54 33 een
674 1633 125 33 splinter
823 1633 30 33 in
865 1633 19 33 't
902 1633 36 33 ha
954 1633 10 33 t
977 1633 107 33 getrof-

298 1665 50 34 fen
360 1665 34 34 en
404 1665 81 34 bleef
494 1665 202 34 onmiddellijk
708 1665 85 34 dood.
807 1665 65 34 Een
891 1665 99 34 meisje
1002 1665 41 34 Wf
1050 1665 33 34 rd

299 1698 38 34 de
348 1698 159 34 linkerarm
520 1698 130 34 afgerukt
663 1698 5 34 ;
685 1698 74 34 eene
773 1698 102 34 vrouw
896 1698 36 34 en
946 1698 52 34 een
1013 1698 50 34 kin
1074 1698 9 34 1

299 1731 116 32 •werdan
436 1731 57 32 aan
515 1731 48 32 het
588 1731 90 32 hoofd
702 1731 154 32 gekwetst.
881 1731 72 32 Drie
976 1731 108 32 huizen

299 1763 58 33 zijn
379 1763 188 33 beschadigd.
590 1763 66 33 Ook
686 1763 38 33 de
744 1763 113 33 tweede
880 1763 205 33 luchtvaarder

301 1791 129 39 na-ferde
455 1791 35 39 de
510 1791 230 39 Zeppelin-werf
763 1791 36 39 en
823 1791 91 39 wierp
937 1791 146 39 bommen,

299 1829 96 32 welke
418 1829 74 32 greu
504 1829 178 32 uitwerking
706 1829 128 32 hadden.
861 1829 50 32 Hij
937 1829 148 32 ontkwam

298 1862 57 33 aan
380 1862 49 33 het
453 1862 129 33 geschut-
596 1862 39 33 en
655 1862 193 33 geweervuur
868 1862 36 33 en
928 1862 158 33 verdween

299 1894 73 28 •ver
384 1894 50 28 het
446 1894 90 28 meer.

459 1934 59 42 Uit
537 1934 69 42 het
626 1934 182 42 Britsche
828 1934 100 42 Rijk.

334 1979 186 34 OTTAWA,
543 1979 30 34 21
599 1979 176 34 November.
803 1979 141 34 (Reuter.)
968 1979 36 34 In
1025 1979 60 34 rer-

298 2012 263 34 bandmtthetop
584 2012 189 34 oorlogsvoet
793 2012 132 34 brengen
949 2012 58 34 van
1031 2012 54 34 een

299 2045 118 33 tweede
434 2045 297 33 tioepenkontingent
755 2045 72 33 voor
850 2045 58 33 den
935 2045 97 33 dienst
1055 2045 29 33 in

299 2076 123 36 Europa
435 2076 36 36 en
484 2076 38 36 de
534 2076 181 36 manschajip
734 2076 28 36 n,
777 2076 46 36 die
836 2076 108 36 noodig
956 2076 57 36 zijn
1035 2076 50 36 om

299 2109 39 32 de
350 2109 143 32 veriiezen
504 2109 56 32 aan
575 2109 28 32 te
616 2109 109 32 vullen,
738 2109 78 32 heeft
830 2109 34 32 de
876 2109 209 32 Kanadeesche

299 2142 150 34 regeering
466 2142 143 34 beslotrn,
632 2142 196 34 voortdurer.d
852 2142 93 34 50,000
965 2142 68 34 man
1054 2142 31 34 in

298 2175 31 34 pl
350 2175 42 34 ats
421 2175 57 34 van
504 2175 93 34 30,000
626 2175 66 34 man
722 2175 93 34 onder
841 2175 37 34 de
907 2175 120 34 wapens
1056 2175 30 34 te

297 2208 33 27 h'-
340 2208 86 27 tiden.

299 2240 188 34 OTTAWA,
513 2240 32 34 22
569 2240 179 34 November.
780 2240 144 34 (Reuter.)
948 2240 137 34 Minister

300 2272 118 35 Borden
433 2272 79 35 deelt
537 2272 83 35 roede
644 2272 47 35 dat
713 2272 125 35 Kanada
856 2272 59 35 nog
938 2272 66 35 5000
1015 2272 69 35 man

298 2305 46 31 zal
357 2305 205 31 mobiliseeien
576 2305 35 31 en
625 2305 55 31 eus
705 2305 72 31 voor
794 2305 51 31 het
865 2305 87 31 einde
965 2305 56 31 van
1034 2305 51 31 het

296 2338 66 34 jaar
377 2338 106 34 108,000
493 2338 69 34 man
575 2338 93 34 onder
689 2338 36 34 de
747 2338 119 34 wapens
888 2338 44 34 zal
955 2338 128 34 hebben.

335 2370 186 37 LONDEN,
536 2370 29 37 21
582 2370 179 37 November.
774 2370 142 37 (Reuter).
930 2370 153 37 Sprekend

298 2405 40 34 op
358 2405 75 34 eene
461 2405 194 34 vergadering
683 2405 28 34 te
736 2405 117 34 Ashton
880 2405 95 34 under
998 2405 86 34 Lyne

297 2435 82 34 heeft
410 2435 108 34 Cirley,
554 2435 36 34 de
621 2435 97 34 hooge
770 2435 212 34 Kommissaiis
1013 2435 71 34 voor

297 2465 125 36 Canada
443 2465 29 36 in
486 2465 160 36 Ëngeland,
669 2465 147 36 verklaard
826 2465 49 36 dat
895 2465 126 36 Kanada
1040 2465 43 36 tôt

298 2500 52 36 het
360 2500 86 36 einde
459 2500 57 36 van
529 2500 56 36 den
598 2500 112 36 oorlog,
736 2500 85 36 voort
845 2500 55 36 zou
926 2500 78 36 gaan
1024 2500 59 36 met

299 2532 51 36 het
363 2532 111 36 zenden
485 2532 56 36 van
552 2532 131 36 troepen.

479 2617 401 65 SterfgevaHen.

334 2697 39 38 M.
398 2697 156 38 S'uckens,
568 2697 341 38 kapi'ein-bevelhebber
922 2697 160 38 dergrena-

298 2732 87 33 d'erj,
419 2732 46 33 die
488 2732 57 33 den
576 2732 30 33 13
634 2732 23 33 S
677 2732 140 33 ptember,
854 2732 29 33 te
913 2732 167 33 Werchter-

299 2762 178 36 Rotselaere,
492 2762 57 36 aan
561 2762 50 36 het
624 2762 90 36 hoofd
727 2762 88 36 zijner
824 2762 187 36 kompagnie,
1026 2762 57 36 den

297 2795 102 38 vijsnd
417 2795 127 38 aanvieJ,
570 2795 79 38 werd
681 2795 74 38 door
778 2795 54 38 een
859 2795 157 38 prôjektiel
1036 2795 47 38 ge-

297 2829 105 32 ♦voffen
416 2829 36 32 en
463 2829 58 32 viel
532 2829 40 32 op
587 2829 50 32 het
650 2829 142 32 slagveld.

331 2861 82 32 Zijne
428 2861 196 32 £oldaten,die
636 2861 120 32 hunnen
774 2861 181 32 aanvoerder
967 2861 114 32 hadden

297 2894 66 36 ïien
384 2894 104 36 vallen.
511 2894 125 36 zochten
662 2894 67 36 hem
747 2894 187 36 vru<shteloos
951 2894 39 36 op
1014 2894 69 36 toen

296 2926 52 33 het
361 2926 73 33 vuur
446 2926 134 33 gestaakt
594 2926 91 33 werd.

333 2958 67 36 Men
421 2958 87 36 dacht
534 2958 47 36 dat
603 2958 36 36 de
662 2958 131 36 dappere
816 2958 110 36 officier
946 2958 72 36 door
1047 2958 36 36 de

297 2991 176 36 Duitschers
486 2991 60 36 was
559 2991 195 36 opgenomen,
770 2991 27 36 te
810 2991 124 36 Leuv'en
946 2991 137 36 verzorgd

294 3026 39 35 en
347 3026 174 35 vervolgens
534 3026 72 35 na-r
618 3026 197 35 Duit-chland
833 3026 215 35 overgebracht.

331 3057 46 36 De
398 3057 111 36 famille
529 3057 129 36 daarvan
682 3057 175 36 verwittigd,
879 3057 74 36 deed
973 3057 29 36 in
1023 3057 59 36 aile

295 3089 167 37 richtingen
494 3089 215 37 opzoekineen,
742 3089 74 37 doch
849 3089 107 37 kregen
988 3089 94 37 grene

297 3122 153 35 tijdingen,
465 3122 151 35 waardoor
626 3122 34 35 zij
671 3122 28 35 al
710 3122 66 35 dien
788 3122 51 35 tijd
852 3122 29 35 in
891 3122 191 35 onzekerheid

294 3155 192 28 ▼erkeerden.

331 3188 133 31 Oclangs
482 3188 40 31 nu
544 3188 81 31 heeft
646 3188 53 31 een
722 3188 88 31 vader
827 3188 94 31 wiens
933 3188 76 31 zoon
1022 3188 59 31 ook

294 3222 154 35 grenadier
460 3222 25 35 is
499 3222 37 35 en
558 3222 48 35 die
618 3222 74 35 geen
714 3222 115 35 nieuws
853 3222 56 35 van
934 3222 55 35 zijn
1012 3222 69 35 kind

295 3254 80 32 meer
409 3254 161 32 vernomen
603 3254 68 32 had,
703 3254 27 32 te
754 3254 326 32 Werchter-Rotselaer

295 3285 203 37 opzoekingen
512 3285 112 37 geiaan
636 3285 35 37 en
685 3285 80 37 heeft
786 3285 72 37 daar
870 3285 39 37 op
931 3285 50 37 het
1004 3285 76 37 slag-

294 3319 77 34 veld,
383 3319 92 34 onder
487 3319 52 34 een
554 3319 97 34 aantal
668 3319 200 34 gesneuvelde
877 3319 143 34 soldaten,
1034 3319 46 34 die

296 3352 68 36 men
376 3352 27 36 in
417 3352 50 36 der
491 3352 77 36 haast
591 3352 36 36 en
640 3352 64 36 zeer
717 3352 105 36 ondiep
835 3352 58 36 had
916 3352 161 36 begraven,

295 3383 51 36 htt
359 3383 119 36 lijk-van
491 3383 55 36 den
561 3383 130 36 kapitein
701 3383 146 36 Stuckens
857 3383 165 36 gevonden.

332 3416 60 35 Het
405 3416 25 35 is
440 3416 81 35 alzoo
531 3416 50 35 dat
594 3416 36 35 de
647 3416 113 35 akelige
771 3416 157 35 waarheid,
942 3416 140 35 wiiarvan

294 3448 70 33 Bien
376 3448 97 33 sedert
482 3448 78 33 meer
579 3448 57 33 dan
649 3448 75 33 twee
753 3448 147 33 maanden
924 3448 156 33 onwetend

294 3483 76 32 •was,
385 3483 77 32 werd
475 3483 119 32 gekend.

331 3514 58 33 Het
405 3514 50 33 lijk
474 3514 53 33 van
551 3514 55 33 den
628 3514 111 33 officier
763 3514 77 33 werd
862 3514 74 33 naar
960 3514 122 33 Brussel

295 3547 144 34 gebracht
452 3547 38 34 en
502 3547 29 34 te
544 3547 109 34 Elsece
671 3547 159 34 begraven.

372 3628 197 64 IV.gische
594 3628 212 64 gekwetste
829 3628 174 64 soldatsa

293 3695 181 68 verzorgd
526 3695 37 68 1e
615 3695 28 68 E
670 3695 91 68 rsux
809 3695 269 68 (Frankrijk).

471 3767 170 35 Tljdeli,jk
660 3767 159 35 grasthnis
835 3767 35 35 nr
886 3767 24 35 î.

329 3806 72 36 Paul
411 3806 305 36 Dehesele.servant,G
726 3806 116 36 linie.—
853 3806 98 36 Pieter
961 3806 117 36 Madou.

295 3840 29 38 11
337 3840 79 38 linie.
431 3840 32 38 —
471 3840 37 38 Ju
522 3840 30 38 fs
566 3840 140 38 Lenaers,
722 3840 29 38 11
762 3840 79 38 linie.
855 3840 32 38 —
897 3840 183 38 Jan-Baptist

295 3873 131 37 Heyvaei
435 3873 19 37 t,
470 3873 11 37 1
494 3873 80 37 l.nie.
585 3873 27 37 —
628 3873 116 37 August
756 3873 323 37 Sergeant.karabinier.

296 3905 104 40 Albert
414 3905 202 40 Verhaeycke,
630 3905 28 40 1?
672 3905 10 40 1
695 3905 58 40 nie.
767 3905 32 40 —
816 3905 86 40 Odiel
926 3905 153 40 Gadeyne,

294 3938 15 34 1
322 3938 80 34 linie.
416 3938 28 34 —
459 3938 126 34 Richard
599 3938 63 34 Van
678 3938 112 34 Hecke,
805 3938 175 34 karabinier.

466 3980 27 34 T
507 3980 130 34 jtlelijk
655 3980 158 34 gasthnla
830 3980 34 34 nr
882 3980 29 34 2.

328 4019 95 36 I*r.3ns
445 4019 115 36 Woetz,
587 4019 12 36 1
624 4019 78 36 linie.
716 4019 32 36 —
767 4019 83 36 Jozef
872 4019 104 36 Baille,
990 4019 88 36 idem.

293 4051 131 39 Richard
438 4051 201 39 VanHevelde,
656 4051 13 39 2
682 4051 114 39 Unie.—
809 4051 268 39 KamielTSostoea,

294 4085 16 34 4
343 4085 79 34 linie.
443 4085 32 34 —
498 4085 136 34 Theofiei
655 4085 262 34 Vandérendorck,
942 4085 86 34 idem.
1048 4085 31 34 —

295 4117 138 38 Léonard
454 4117 137 38 Dessein,
614 4117 15 38 5
643 4117 79 38 linie.
738 4117 25 38 -
782 4117 91 38 Karel
898 4117 179 38 Varilinden,

293 4150 39 38 id.
345 4150 31 38 —
389 4150 152 38 Lodewijk
555 4150 229 38 Andrienstns,G
795 4150 80 38 linie.
883 4150 31 38 —
925 4150 154 38 Lodewijk

293 4182 47 38 De
345 4182 55 38 vos,
415 4182 16 38 9
440 4182 80 38 linie.
537 4182 25 38 —
577 4182 79 38 Jozet
670 4182 67 38 Van
750 4182 54 38 den
821 4182 129 38 Heuvel,
972 4182 15 38 8
1000 4182 77 38 linie.

294 4214 135 40 Hendrik
453 4214 103 40 Drca',
582 4214 31 40 23
643 4214 80 40 li:;ie.
749 4214 31 40 —
806 4214 134 40 Ilendiik
970 4214 107 40 Lcreu,

295 4248 11 38 1
320 4248 104 38 ja'iers.
439 4248 32 38 —
485 4248 130 38 Armand
631 4248 106 38 Leroy,
751 4248 16 38 3
785 4248 107 38 jageis.
915 4248 32 38 —
971 4248 108 38 Oktaaf

293 4280 150 39 Derycke,
463 4280 86 39 idem.
574 4280 31 39 —
638 4280 125 39 Maurits
782 4280 63 39 Van
872 4280 56 39 den
952 4280 125 39 Meiren,

296 4314 10 37 1
322 4314 55 37 kar.
393 4314 26 37 b,
444 4314 30 37 —
499 4314 127 37 Gustiaf
644 4314 180 37 Vanessche,
847 4314 88 37 idem.
959 4314 33 37 —
1012 4314 66 37 Jan-

292 4345 134 39 Baptis'e
439 4345 88 39 Senu
544 4345 51 39 ier,
607 4345 14 39 2
634 4345 99 39 karab.
750 4345 28 39 —
796 4345 200 39 Jan-Baptiste
1013 4345 65 39 Van

294 4378 76 37 Rie1,
385 4378 7 37 i
406 4378 65 37 !em.
486 4378 30 37 —
541 4378 112 37 Renaat
678 4378 170 37 Hoorbeke,
868 4378 13 37 1
900 4378 178 37 grenadiers.

294 4410 129 37 Prosptr
436 4410 179 37 Welleman,
629 4410 14 37 2
657 4410 129 37 grenadin
798 4410 39 37 rs.
853 4410 30 37 —
907 4410 113 37 Hektor
1033 4410 45 37 De

291 4444 264 40 Schamphelaere,
567 4444 87 40 idem.
667 4444 31 40 —
710 4444 91 40 Frans
814 4444 65 40 Van
889 4444 86 40 Geel,
987 4444 89 40 idem,

291 4476 160 36 Lodewijk
466 4476 112 36 Hubet,
592 4476 14 36 7
619 4476 15 36 a
651 4476 113 36 tillerie.

560 4527 70 14 «K!

508 4555 340 56 BRiEVEN

289 4634 80 64 aan
381 4634 378 64 krijgsgevangenén
774 4634 303 64 iaTuitschl&nd

502 4720 365 36 BERÎGHT.

323 4764 67 34 Aan
409 4764 47 34 het
476 4764 142 34 Diti'sche
632 4764 171 34 postb.heer
816 4764 30 34 te
861 4764 118 34 Brussrl
998 4764 80 34 werd

289 4796 50 38 het
353 4796 141 38 vo'gende
507 4796 138 38 telegram
656 4796 152 38 gezonden
822 4796 5 38 :
843 4796 60 38 Wij
916 4796 162 38 ontvingen

283 4829 101 32 'heden
398 4829 170 32 verscheide
591 4829 15 32 e
620 4829 161 32 duizenden
794 4829 121 32 brieven
928 4829 72 32 voor
1014 4829 63 32 Bel-

278 4858 112 45 ^ische
410 4858 294 45 krijgsgevangeuea,
718 4858 109 45 2onder
839 4858 93 45 nader
945 4858 96 45 adres.

1544 281 193 18 ■———■
1744 281 10 18 11
1878 281 23 18 »
1928 281 16 18 »i

1172 328 61 36 Wij
1248 328 174 36 ve»oeken,
1444 328 29 36 in
1497 328 50 36 het
1568 328 105 36 belang
1685 328 235 36 detbesfemtne-

1138 361 100 37 lingen
1262 361 73 37 door
1355 361 56 37 een
1434 361 115 37 bericht
1568 361 52 37 het
1641 361 136 37 Belgisch
1800 361 120 37 pubKek

1138 396 143 38 dringen^
1290 396 204 38 opmerkzaam
1503 396 30 38 te
1544 396 115 38 makes,
1672 396 50 38 dat
1735 396 122 38 brieven
1865 396 55 38 aan

1138 424 282 38 krijgsgevangenen
1432 424 31 38 in
1472 424 207 38 Duitschland,
1690 424 109 38 zonder
1820 424 99 38 natiw-

1138 460 121 36 keurige
1280 460 113 36 opgave
1413 460 53 36 der
1485 460 139 36 kampen,
1642 460 33 36 of
1694 460 225 36 interneerinRs-

1138 492 144 36 plaatsen,
1296 492 111 36 slechts
1429 492 61 36 met
1501 492 103 36 groote
1624 492 165 36 verlraging
1802 492 116 36 kunnen

1137 526 203 33 overhandigd
1353 526 130 33 worden.

1170 558 62 35 Het
1255 558 160 35 Keizerlijk
1444 558 251 35 Gouvernement,
1725 558 30 35 te
1785 558 134 35 Brussel,

1137 591 57 35 zou
1205 591 130 35 kunnen,
1350 591 42 35 uit
1404 591 38 35 de
1453 591 97 35 lijsten
1562 591 50 35 der
1625 591 294 35 krijgsgevangenen,

1137 623 97 36 welke
1252 623 51 36 het
1323 623 31 36 in
1377 623 57 36 zijn
1455 623 78 36 bezit
1552 623 92 36 heeft,
1658 623 38 36 de
1709 623 210 36 verblijfplaa's

1136 656 86 29 dezer
1235 656 196 29 mededeelen.

1168 689 60 35 Wij
1242 689 167 35 verzoeken
1421 689 36 35 de
1470 689 75 35 zaak
1557 689 125 35 spoedig
1697 689 30 35 te
1740 689 129 35 regelen.

1169 721 61 30 Het
1244 721 255 30 Middenkomiteit
1508 721 58 30 van
1578 721 51 30 het
1642 721 105 30 Rooie
1760 721 90 30 Kruis
1861 721 56 30 afd.

1135 752 456 38 Gevangenaangelegenheden.

1188 870 686 86 STADSNIEUWS

1168 1021 32 33 —
1212 1021 41 33 In
1265 1021 67 33 den
1354 1021 248 33 Burgerkrins'.
1615 1021 32 33 —
1659 1021 144 33 Maandag
1824 1021 97 33 avond

1136 1053 80 35 hield
1228 1053 73 35 deze
1314 1053 207 35 maatschappii
1536 1053 75 35 eene
1623 1053 182 35 belanijrijke
1822 1053 97 35 verga-

1137 1086 110 35 dering.
1271 1086 49 35 ten
1342 1086 85 35 einde
1440 1086 49 35 mU
1501 1086 85 35 d.lea
1599 1086 29 35 te
1646 1086 74 35 besp
1737 1086 73 35 eisen
1824 1086 48 35 om
1884 1086 37 35 de

1136 1118 233 36 ledenindezen
1388 1118 53 36 tijd
1464 1118 58 36 van
1535 1118 79 36 nood
1626 1118 27 36 te
1674 1118 73 36 hulp
1760 1118 30 36 te
1802 1118 117 36 komen.

1169 1152 47 34 De
1237 1152 99 34 zitting
1361 1152 77 34 werd
1455 1152 134 34 geopsnd
1606 1152 45 34 om
1671 1152 15 34 7
1709 1152 53 34 ure
1785 1152 32 34 20
1837 1152 81 34 min.,

1137 1184 91 33 onder
1252 1184 249 33 voorzitterscbap
1524 1184 58 33 van
1595 1184 57 33 den
1664 1184 70 33 heer
1747 1184 171 33 Libbrecht,

1137 1217 125 33 senator.
1275 1217 47 33 De
1335 1217 70 33 heer
1418 1217 167 33 Voorzitter
1597 1217 77 33 geeft
1686 1217 50 33 het
1749 1217 102 33 woord
1863 1217 57 33 aan

1136 1249 56 33 den
1212 1249 71 33 heer
1295 1249 122 33 Zenner,
1432 1249 158 33 advokaat.
1604 1249 80 33 Deze
1704 1249 78 33 geeft
1805 1249 114 33 verslag

1136 1282 71 33 over
1219 1282 37 33 de
1279 1282 131 33 werking
1423 1282 57 33 van
1500 1282 52 33 het
1575 1282 142 33 komiteit,
1731 1282 128 33 gesticht
1871 1282 49 33 om

1136 1314 39 35 na
1187 1314 29 35 te
1227 1314 75 35 gaan
1325 1314 39 35 op
1385 1314 97 35 welke
1495 1314 84 35 wijze
1590 1314 51 35 het
1651 1314 140 35 stoflelijk
1803 1314 116 35 welzijn

1138 1347 52 33 van
1221 1347 36 33 de
1285 1347 86 33 leden
1395 1347 58 33 vau
1475 1347 55 33 den
1555 1347 201 33 Burgerkring
1779 1347 50 33 het
1858 1347 61 33 best

1136 1379 56 33 kan
1222 1379 154 33 behariigd
1407 1379 130 33 worden.
1571 1379 63 33 Het
1673 1379 133 33 komiteit
1840 1379 79 33 werd

1136 1412 128 33 gesticht
1284 1412 31 33 in
1338 1412 95 33 April,
1459 1412 53 33 dus
1537 1412 64 33 vooi
1627 1412 58 33 den
1708 1412 110 33 oorlog.
1840 1412 80 33 Deze

1137 1445 77 33 heett
1227 1445 72 33 voor
1310 1445 106 33 gevolg
1427 1445 96 33 gehad
1532 1445 35 33 de
1578 1445 127 33 richting
1717 1445 52 33 der
1791 1445 128 33 werkiug

1137 1477 56 33 van
1205 1477 49 33 het
1267 1477 132 33 komiteit
1412 1477 153 33 merkelijk
1578 1477 28 33 te
1620 1477 143 33 wijzigen.

1170 1509 186 34 DeBurgerij
1382 1509 25 34 is
1431 1509 67 34 zeer
1521 1509 142 34 getroffisn
1687 1509 72 34 door
1782 1509 37 34 de
1840 1509 81 34 krisis

1136 1542 73 33 door
1221 1542 58 33 den
1288 1542 102 33 oorlog
1402 1542 190 33 veroorzaakt
1604 1542 6 33 ;
1634 1542 50 33 het
1696 1542 132 33 komiteit
1840 1542 80 33 heeft

1136 1574 130 34 betracht
1278 1574 50 34 het
1337 1574 189 34 ekonomisch
1535 1574 84 34 levea
1633 1574 28 34 in
1672 1574 72 34 gang
1753 1574 29 34 te
1791 1574 127 34 houden,

1136 1607 38 34 en
1185 1607 102 34 verder
1299 1607 69 34 daar
1380 1607 74 34 waar
1467 1607 79 34 nood
1558 1607 26 34 is
1597 1607 71 34 hulp
1681 1607 29 34 te
1723 1607 116 34 bieden.

1170 1640 64 29 Met
1255 1640 111 29 andtre
1390 1640 173 29 komiteiten
1596 1640 82 29 heelt
1710 1640 53 29 ons
1787 1640 134 29 komiteit

1137 1673 194 33 voetstappen
1351 1673 114 33 gedaan
1488 1673 48 33 om
1568 1673 57 33 den
1646 1673 180 33 overdreven
1850 1673 70 33 prijs

1137 1704 52 34 der
1201 1704 89 34 kolen
1301 1704 28 34 te
1341 1704 75 34 doen
1435 1704 86 34 dalen
1547 1704 29 34 —
1598 1704 37 34 en
1659 1704 35 34 ze
1717 1704 58 34 zijn
1787 1704 133 34 gedaald.

1170 1738 58 33 We
1239 1738 60 33 zijn
1310 1738 286 33 tusschengekomen
1606 1738 46 33 om
1663 1738 38 33 de
1710 1738 212 33 bevoorrading

1138 1770 52 33 der
1202 1770 68 33 stad
1290 1770 59 33 met
1362 1770 81 33 meer
1465 1770 91 33 spoed
1581 1770 28 33 te
1632 1770 79 33 doen
1734 1770 185 33 geschieden.

1171 1802 46 33 De
1240 1802 71 33 heer
1334 1802 108 33 Ecker,
1465 1802 126 33 Duitsch
1614 1802 202 33 Gouverneur,
1840 1802 81 33 heeft

1138 1834 54 34 een
1205 1834 155 34 antwoord
1384 1834 160 34 gezonden,
1571 1834 49 34 dat
1645 1834 38 34 hij
1709 1834 52 34 het
1784 1834 138 34 verzoek-

1139 1868 105 28 schrift
1257 1868 177 28 welwilleud
1446 1868 46 28 zal
1505 1868 213 28 onderzoeken.

1170 1899 75 36 Vele
1258 1899 120 36 burgers
1390 1899 58 36 zijn
1460 1899 54 36 zoo
1525 1899 49 36 eig
1583 1899 208 36 getroffen,dat
1799 1899 35 36 zij
1844 1899 79 36 bijna

1138 1934 74 33 geen
1225 1934 140 33 inkomen
1378 1934 80 33 meer
1471 1934 124 33 hebben.

1172 1964 174 35 Bijzondere
1376 1964 196 35 maatrege'en
1601 1964 115 35 moeten
1749 1964 74 35 voor
1852 1964 71 35 deze

1137 1998 95 32 lieden
1244 1998 146 32 genomen
1404 1998 129 32 worden.

1170 2031 80 32 Voor
1261 2031 133 32 degenen
1402 2031 54 32 die
1475 2031 132 32 waarden
1629 2031 144 32 bezitten:
1795 2031 37 32 de
1851 2031 70 32 Bur-

1137 2064 137 32 gerkring
1298 2064 79 32 heeft
1401 2064 195 32 in«eteekend
1621 2064 71 32 voor
1719 2064 52 32 het
1794 2064 127 32 stielwen

1138 2097 56 34 van
1207 2097 35 34 de
1254 2097 15 34 «
1284 2097 161 34 Hulpbank
1458 2097 14 34 »
1485 2097 28 34 te
1526 2097 79 34 Gent
1616 2097 155 34 ingeriebt.

1171 2129 80 33 Deze
1262 2129 80 33 geeft
1352 2129 212 33 voorscho'.ten
1585 2129 38 33 op
1643 2129 60 33 aile
1723 2129 140 33 waarden
1877 2129 45 33 ter

1137 2161 88 34 beuts
1235 2161 57 34 van
1306 2161 119 34 Brussel
1438 2161 183 34 gekwo!e?rd
1631 2161 56 34 aan
1696 2161 93 34 eenen
1801 2161 121 34 interest

1139 2194 94 35 welke
1245 2194 37 35 de
1303 2194 15 35 3
1340 2194 51 35 per
1411 2194 69 35 ceat
1501 2194 22 35 's
1542 2194 81 35 jaars
1644 2194 61 35 niet
1725 2194 48 35 zal
1786 2194 28 35 te
1827 2194 95 35 boven

1137 2235 86 25 gann.

1169 2260 47 34 De
1240 2260 164 34 Hulpbank
1424 2260 81 34 geeft
1525 2260 60 34 ook
1612 2260 208 34 voorschottfn
1853 2260 68 34 mits

1138 2293 151 33 waarborg
1303 2293 55 33 van
1372 2293 88 33 derde
1472 2293 148 33 solvabele
1641 2293 155 33 personen.

1169 2326 41 33 Ze
1233 2326 79 33 geeft
1334 2326 91 33 geene
1447 2326 205 33 voorschoiten
1673 2326 38 33 op
1733 2326 186 33 koopwaren,

1137 2358 49 33 dat
1199 2358 25 33 is
1237 2358 86 33 tegen
1333 2358 68 33 hare
1425 2358 215 33 standregelen.
1666 2358 72 33 Men
1758 2358 162 33 ondeônn-

1136 2390 60 34 delt
1217 2390 115 34 nopens
1353 2390 72 34 deze
1448 2390 124 34 kwestie
1597 2390 60 34 met
1686 2390 51 34 het
1766 2390 155 34 Comptoir

1136 2424 199 33 d'Escompte.
1346 2424 15 33 »

1168 2456 81 34 Voor
1258 2456 38 34 ae
1307 2456 88 34 leden
1407 2456 46 34 die
1466 2456 29 34 in
1508 2456 78 34 nood
1598 2456 66 34 zijn,
1685 2456 116 34 hebben
1816 2456 45 34 we
1873 2456 48 34 ge-

1136 2489 97 33 tracht
1245 2489 105 33 gelden
1360 2489 30 33 in
1400 2489 28 33 te
1449 2489 134 33 zamslen
1603 2489 38 33 en
1666 2489 45 33 we
1734 2489 58 33 zijn
1817 2489 103 33 daarin

1135 2521 101 34 gelukt
1249 2521 30 34 —
1291 2521 33 34 ze
1335 2521 99 34 zullen
1454 2521 138 34 gebruikt
1614 2521 120 34 worden
1759 2521 47 34 om
1829 2521 38 34 de
1890 2521 32 34 ia

1136 2554 77 33 ncoi
1226 2554 198 33 verkeerende
1435 2554 84 33 leden
1533 2554 37 33 bij
1585 2554 30 33 te
1628 2554 95 33 staan.

1169 2587 61 32 Het
1261 2587 133 32 komitett
1424 2587 134 32 daarmee
1588 2587 103 32 gelast,
1722 2587 43 32 zal
1792 2587 42 32 uit
1853 2587 65 32 zeer

1138 2620 107 33 weinig
1257 2620 146 33 personen
1417 2620 38 33 en
1469 2620 36 33 de
1531 2620 176 33 volledigsie
1727 2620 192 33 geheimhou-

1136 2653 69 32 ding
1217 2653 47 32 zal
1277 2653 213 32 gewaarborgd
1501 2653 69 32 zijn.

1167 2684 81 33 Zelfs
1284 2684 105 33 mogen
1420 2684 147 33 personen
1602 2684 47 33 die
1676 2684 89 33 leden
1800 2684 117 33 kennen

1135 2718 93 33 welke
1240 2718 29 33 in
1282 2718 79 33 nood
1373 2718 111 33 zouden
1495 2718 65 33 zijn,
1586 2718 36 33 en
1646 2718 51 33 dat
1721 2718 60 33 niet
1804 2718 113 33 zouden

1136 2749 110 29 durven
1256 2749 116 29 bukend
1382 2749 107 29 maken
1501 2749 33 29 —
1544 2749 85 29 zulks
1639 2749 56 29 aan
1709 2749 51 29 dat
1784 2749 133 29 komiteit

1136 2783 78 31 doen
1225 2783 126 31 kennen,
1373 2783 50 31 dat
1443 2783 59 31 dan
1522 2783 65 31 zeer
1609 2783 178 31 bescheidea
1809 2783 56 31 zou
1889 2783 27 31 te

1135 2809 82 39 werk
1229 2809 78 39 gaan
1316 2809 49 39 om
1373 2809 71 39 hulp
1458 2809 28 39 te
1505 2809 166 39 verleenen.

1169 2842 41 40 M.
1221 2842 146 40 Onghena
1378 2842 104 40 draagt
1495 2842 227 40 vervolgen^het
1733 2842 182 40 geschreven

1135 2875 111 38 verslag
1257 2875 78 38 voor,
1350 2875 71 38 ovtr
1439 2875 36 38 de
1487 2875 172 38 werkingen
1672 2875 58 38 van
1754 2875 51 38 het
1830 2875 87 38 komi-

1136 2913 51 34 teit
1197 2913 42 34 lot
1252 2913 183 34 behartiging
1452 2913 51 34 der
1516 2913 144 34 be'angen
1680 2913 57 34 van
1761 2913 37 34 de
1821 2913 97 34 kleine

1135 2948 130 30 burging.

1168 2979 218 33 Verscheidene
1411 2979 112 33 punten
1547 2979 55 33 van
1623 2979 223 33 huishoudelijk
1869 2979 49 33 be-

1136 3012 70 41 lang
1219 3012 119 41 worden
1354 3012 175 41 besproken.

1168 3044 41 32 M.
1225 3044 152 32 Martens,
1391 3044 117 32 notaris,
1524 3044 98 32 vraagt
1643 3044 51 32 dat
1712 3044 49 32 het
1785 3044 133 32 komiteit

1134 3077 195 34 voetstappen
1353 3077 56 34 zou
1426 3077 186 34 aanwenden
1633 3077 38 34 bij
1694 3077 35 34 de
1755 3077 163 34 Hulpbank

1134 3110 90 33 opaat
1237 3110 34 33 ze
1285 3110 210 33 voorschot.en
1507 3110 56 33 zou
1575 3110 95 33 gevea
1683 3110 39 33 op
1737 3110 181 33 onroerende

1134 3144 154 31 goederen.

1165 3175 33 33 —
1209 3175 69 33 Men
1290 3175 45 33 zal
1348 3175 54 33 aan
1414 3175 48 33 die
1475 3175 85 33 vraag
1573 3175 135 33 voldoen.

1167 3207 50 35 Hij
1242 3207 78 35 deelt
1341 3207 86 35 mede
1440 3207 46 35 dat
1507 3207 36 35 de
1557 3207 186 35 hypotheken
1756 3207 57 35 no#
1834 3207 82 35 altijd

1134 3241 211 35 ingeschreven
1358 3241 119 35 worden
1499 3241 35 35 ge
1548 3241 39 35 ijk
1607 3241 123 35 vroeger
1748 3241 33 35 —t
1793 3241 29 35 in
1835 3241 82 35 strijd

1134 3273 59 33 met
1205 3273 124 33 hetgene
1342 3273 68 33 men
1423 3273 71 33 over
1506 3273 48 33 het
1567 3273 149 33 algemeen
1730 3273 98 33 denkt.

1168 3306 60 35 Het
1252 3306 131 35 komiteit
1416 3306 43 35 zal
1483 3306 85 35 elken
1592 3306 142 35 Dinsdag,
1760 3306 47 35 om
1828 3306 16 35 0
1858 3306 58 35 ure,

1135 3339 124 32 Duitsch
1273 3339 63 32 uiir,
1355 3339 206 32 bijeenkomen
1572 3339 6 32 ;
1593 3339 35 32 de
1641 3339 87 32 leJen
1741 3339 99 32 zullen
1858 3339 58 32 dan

1134 3371 316 32 allerlelinlichtingen
1460 3371 120 32 kunnen
1594 3371 154 32 bekomen.

1166 3403 46 34 De
1223 3403 101 34 zitting
1335 3403 75 34 werd
1420 3403 48 34 on
1481 3403 14 34 8
1511 3403 39 34 1/2
1563 3403 61 34 ure,
1639 3403 144 34 geheven.

1166 3453 32 32 —
1210 3453 40 32 In
1273 3453 42 32 fis
1328 3453 294 32 Vlasnijverheict.
1637 3453 31 32 —
1681 3453 45 32 De
1737 3453 179 32 werklieden

1134 3486 52 30 der
1209 3486 216 30 vlasfabrieken
1450 3486 228 30 Saint-Sauveur
1702 3486 88 30 (MM.
1817 3486 99 30 Casser

1133 3518 19 35 e
1162 3518 9 35 i
1184 3518 55 35 Cie)
1259 3518 35 35 en
1314 3518 152 35 Feyerick,
1482 3518 362 35 St-Pietersnieuwstraat,
1859 3518 57 35 zijn

1135 3551 165 33 verwitt'gl
1321 3551 161 33 ge^voiden
1500 3551 50 33 dat
1572 3551 12 33 1:
1592 3551 29 33 et
1641 3551 82 33 werk
1735 3551 42 33 zal
1792 3551 124 33 vermin-

1134 3584 71 34 derd
1226 3584 120 34 worden
1367 3584 41 34 tôt
1430 3584 15 34 5
1457 3584 72 34 uren
1542 3584 88 34 daags
1650 3584 37 34 en
1708 3584 139 34 stilstand
1860 3584 57 34 den

1134 3616 146 35 Za'erdag
1295 3616 29 35 —
1336 3616 54 35 dus
1404 3616 31 35 23
1448 3616 72 35 uren
1533 3616 52 35 per
1598 3616 92 35 week.

1167 3650 45 28 De
1233 3650 175 28 werklieden
1428 3650 95 28 zullen
1547 3650 145 28 nochtans
1716 3650 32 28 3G
1772 3650 71 28 uren
1868 3650 49 28 be-

1134 3683 80 33 taald
1237 3683 132 33 worden,
1393 3683 79 33 maar
1484 3683 35 33 na
1529 3683 97 33 afîrok
1640 3683 53 33 van
1706 3683 36 33 de
1755 3683 30 33 10
1798 3683 43 33 0/0
1855 3683 60 33 ver-

1133 3717 136 33 hooging,
1283 3717 69 33 over
1366 3717 103 33 eenijje
1480 3717 85 33 jaren
1575 3717 178 33 toegestaan.

1166 3765 31 34 —
1210 3765 273 34 Teruggekesrd.
1498 3765 32 34 —
1548 3765 46 34 De
1617 3765 164 34 genaamde
1805 3765 111 34 Jeanne

1134 3798 46 33 De
1199 3798 109 33 Taeye,
1322 3798 146 33 wonende
1491 3798 261 33 Meibloemstraat,
1778 3798 41 33 34.
1845 3798 70 33 wier

1133 3831 194 32 verdv/iining
1340 3831 47 32 wij
1403 3831 115 32 haciden
1531 3831 124 32 gemeld,
1669 3831 25 32 is
1708 3831 30 32 in
1751 3831 36 32 de
1811 3831 102 32 ouder-

1133 3864 71 33 lijke
1228 3864 118 33 woning
1358 3864 210 33 terugt-ekeerd
1586 3864 36 33 na
1640 3864 55 33 een
1719 3864 117 33 ver'olijf
1860 3864 55 33 van

1134 3896 102 34 eenige
1250 3896 71 34 uren
1336 3896 37 34 bij
1388 3896 156 34 bekenden
1557 3896 28 34 in
1599 3896 49 34 het
1668 3896 185 34 omliggende
1866 3896 52 34 dar

1134 3930 74 26 stad.

1166 3974 32 34 —
1207 3974 284 34 Lljkg'avonden.
1504 3974 29 34 —
1545 3974 152 34 Maandag
1708 3974 150 34 morgend,
1871 3974 45 34 om

1134 4008 31 31 10
1177 4008 61 31 ure,
1264 4008 160 31 hevftmen
1446 4008 30 31 in
1494 4008 93 31 eenea
1609 4008 109 31 grach',
1741 4008 122 31 gelegen
1888 4008 30 31 in

1133 4040 55 33 een
1210 4040 75 33 veld,
1312 4040 272 33 Nijverheidslaan,
1611 4040 47 33 het
1681 4040 52 33 lijk
1762 4040 155 33 gevonden

1133 4073 54 33 van
1201 4073 56 33 den
1270 4073 182 33 genaamden
1466 4073 98 33 Pie'er
1580 4073 135 33 r^aaasse,
1729 4073 32 33 52
1772 4073 62 33 jaar
1847 4073 69 33 oud,

1133 4106 242 31 fabriekwerker,
1400 4106 145 31 wonen'-'e
1574 4106 175 31 Kerkstraat,
1782 4106 57 31 332.
1872 4106 46 31 De

1135 4137 66 35 irai
1214 4137 47 35 die
1285 4137 52 35 aan
1351 4137 269 35 zinsverbijstering
1630 4137 76 35 leed,
1728 4137 82 35 werd
1820 4137 98 35 sedert

1133 4172 146 32 Zaterdag
1289 4172 90 32 laatst
1392 4172 128 32 vermist.

1243 4274 77 41 Oit
1356 4274 472 41 0ost'Ylaanâeren

1165 4340 215 33 Knesaelare.
1406 4340 26 33 —
1459 4340 43 33 De
1529 4340 201 33 drlevoudige
1754 4340 117 33 moord.
1885 4340 32 33 —

1133 4372 148 33 Mamdag
1305 4372 139 33 morgend
1457 4372 24 33 is
1501 4372 92 33 Adolf
1606 4372 61 33 Van
1683 4372 100 33 Huile,
1795 4372 47 33 die
1855 4372 61 33 ver-

1131 4405 87 28 leden
1229 4405 80 28 week
1322 4405 29 28 te
1363 4405 180 28 Knesselare
1563 4405 37 28 de
1613 4405 102 28 vrouw
1735 4405 87 28 Alida
1841 4405 76 28 Min-

1130 4439 80 33 j\uw
1223 4439 29 33 in
1265 4439 68 33 liare
1346 4439 118 33 woning
1474 4439 34 33 en
1523 4439 55 33 ook
1589 4439 76 33 twee
1677 4439 84 33 harer
1774 4439 141 33 kinderea

1132 4471 200 34 vermoordde,
1360 4471 58 34 (het
1442 4471 88 34 derde
1554 4471 81 34 bleef
1658 4471 164 34 gespaard),
1849 4471 67 34 zich

1132 4503 106 33 komen
1249 4503 152 33 gevangea
1414 4503 94 33 geven
1520 4503 39 33 bij
1574 4503 55 33 den
1642 4503 70 33 heer
1724 4503 193 33 onderzoeks-

1131 4536 114 34 rechter
1259 4536 95 34 Mcral
1368 4536 37 34 de
1420 4536 186 34 West^aver,
1621 4536 48 34 die
1691 4536 94 34 gelast
1806 4536 26 34 is
1857 4536 59 34 met

1132 4570 48 27 het
1194 4570 204 27 onderzoekin
1416 4570 71 27 deze
1500 4570 78 27 zaak.

1131 4602 7 33 -
1164 4602 46 33 De
1234 4602 81 33 kerel
1337 4602 98 33 kwam
1459 4602 65 33 zich
1550 4602 166 33 aaub'eden
1751 4602 59 33 met
1839 4602 76 33 zijne

1133 4635 101 35 vrouw
1252 4635 36 35 en
1302 4635 62 35 drie
1388 4635 86 35 kinle
1491 4635 34 35 en
1549 4635 37 35 en
1611 4635 80 35 werd
1709 4635 206 35 onmiddellijk

1133 4669 91 32 ouder
1233 4669 338 32 aanhoudingsmandaat
1597 4669 125 32 gesteld.

1166 4701 76 35 Heel
1266 4701 55 35 den
1345 4701 156 35 namii<'aî
1531 4701 36 35 en
1591 4701 58 35 ook
1673 4701 58 35 nog
1755 4701 22 35 's
1790 4701 123 35 avonds,

1132 4735 118 33 bevond
1262 4735 63 33 zich
1337 4735 74 33 eene
1423 4735 102 33 groote
1543 4735 127 33 meni^te
1684 4735 71 33 voor
1776 4735 51 33 het
1849 4735 66 33 huis

1132 4767 81 29 waar
1225 4767 37 29 de
1273 4767 70 29 heer
1352 4767 303 29 onderzoeksrechter
1677 4767 98 29 zetelt.

1165 4801 45 34 De
1222 4801 188 34 moordecaar
1422 4801 47 34 zal
1483 4801 102 34 heden,
1600 4801 178 34 Woensdag,
1793 4801 73 34 voor
1877 4801 39 34 de

1131 4833 180 35 raadskamer
1331 4833 185 35 verschijnen
1539 4833 72 35 voor
1632 4833 38 35 de
1691 4833 224 35 bekrachtiging

1131 4865 58 35 van
1210 4865 58 35 zijn
1281 4865 351 35 aanhoudingsmandaat.

2004 330 722 84 Toevluchtsoorden

2086 447 151 55 voor
2265 447 82 55 de
2380 447 270 55 ellende.

2004 533 126 34 lemand
2153 533 60 34 had
2238 533 30 34 in
2291 533 52 34 het
2367 533 72 34 blad
2463 533 46 34 La
2531 533 151 34 Belgique
2702 533 59 34 van

1974 565 32 34 19
2019 565 155 34 Novembe
2210 565 53 34 een
2284 565 80 34 open
2384 565 76 34 brief
2477 565 114 34 gericht
2603 565 58 34 aan
2675 565 84 34 Zijne

1974 598 174 33 Eminencie
2176 598 59 33 den
2262 598 414 33 Kardinaal-Aartsbisschop
2701 598 57 33 van

1975 631 159 33 Mechelen
2154 631 46 33 om
2221 631 29 33 te
2273 631 109 33 vragea
2403 631 50 33 dat
2469 631 37 33 de
2516 631 79 33 arme
2610 631 150 33 daklooze

1973 663 100 34 liedcn
2084 663 30 34 in
2127 663 37 34 de
2176 663 108 34 kerkea
2295 663 116 34 zoudea
2428 663 189 34 opgenomen
2636 663 123 34 worden

1973 696 168 34 gelurende
2154 696 56 34 den
2223 696 115 34 winter.

2007 728 52 36 Als
2069 728 153 36 antwoord
2230 728 57 36 aan
2300 728 67 36 dieri
2376 728 75 36 brief
2460 728 81 36 heeft
2550 728 49 36 La
2609 728 151 36 Belgique

1976 761 55 33 van
2054 761 56 33 een
2130 761 42 33 lid
2194 761 51 33 der
2271 761 192 33 Brusselsche
2486 761 221 33 geestelijkheid
2722 761 36 33 de

1974 795 143 31 volgende
2129 795 119 31 regelen
2258 795 167 31 ontvangen
2439 795 5 31 :

2007 827 46 33 De
2074 827 97 33 opene
2188 827 77 33 brief
2286 827 55 33 aan
2375 827 84 33 Zijne
2495 827 174 33 Eminencie
2702 827 56 33 den

1975 859 402 35 Kardinaal-Aartsbisschop
2400 859 55 35 van
2492 859 166 35 Mechelen,
2696 859 62 35 ver-

1975 892 128 32 schenen
2116 892 30 32 in
2156 892 49 32 uw
2217 892 132 32 nummer
2360 892 54 32 van
2428 892 31 32 19
2472 892 181 32 November,
2667 892 92 32 bevat

1974 925 55 32 een
2041 925 141 32 origineel
2192 925 133 32 gedacht.

2008 957 62 28 Het
2098 957 46 28 zal
2172 957 131 28 wellicht
2331 957 36 28 de
2395 957 133 28 meesten
2552 957 83 28 uwer
2664 957 94 28 lezers

1974 988 103 34 belang
2096 988 189 34 inboezemen
2311 988 27 34 te
2361 988 98 34 weten
2483 988 50 34 dat
2556 988 38 34 de
2618 988 140 34 aartsbis-

1974 1022 94 34 tchop
2081 1022 57 34 n^g
2158 1022 81 34 beter
2252 1022 79 34 heeft
2351 1022 117 34 gedaan
2492 1022 56 34 van
2568 1022 30 34 in
2610 1022 50 34 het
2673 1022 84 34 béait»

1974 1054 58 34 van
2042 1054 56 34 den
2109 1054 100 34 ootlog
2221 1054 54 34 dan
2285 1054 125 34 hetgeen
2421 1054 35 34 ds
2466 1054 76 34 brief
2553 1054 65 34 hem
2630 1054 126 34 opgeeft,

1974 1087 71 33 daar
2057 1087 36 33 de
2102 1087 108 33 lcerken
2220 1087 83 33 maar
2314 1087 67 33 zeer
2391 1087 140 33 gebrekki
2542 1087 27 33 re
2580 1087 178 33 toevluchts-

1973 1119 112 33 oorden
2104 1119 111 33 zouden
2235 1119 56 33 zijn
2313 1119 71 33 voor
2405 1119 57 33 den
2484 1119 102 33 win'er
2605 1119 28 33 in
2649 1119 34 33 de
2697 1119 59 33 ver-

1974 1153 110 32 woeste
2097 1153 128 32 streken.
2239 1153 46 32 De
2297 1153 113 32 meeste
2422 1153 104 32 ke:ken
2540 1153 59 32 zijn
2611 1153 37 32 de
2661 1153 96 32 eerste

1973 1185 148 32 openbarc
2149 1185 164 32 gebouwen
2342 1185 130 32 geweest
2502 1185 93 32 welki
2625 1185 132 32 vernield

1973 1217 121 31 werden
2107 1217 29 31 or
2149 1217 389 31 onbewooabaargemaakt.

2006 1249 46 28 De
2065 1249 146 28 kardinaal
2224 1249 80 28 heeft
2312 1249 37 28 de
2359 1249 142 28 kloosters
2513 1249 138 28 verzocht
2664 1249 92 28 maat-

1972 1282 119 33 regelen
2104 1282 28 33 te
2154 1282 106 33 nemen
2273 1282 48 33 om
2333 1282 37 33 de
2394 1282 141 33 kinderen
2548 1282 37 33 op
2600 1282 28 33 te
2651 1282 106 33 nemen

1973 1315 58 34 van
2064 1315 37 34 de
2123 1315 213 34 huisgezinnen
2369 1315 94 34 welke
2488 1315 145 34 verp'icht
2657 1315 100 34 waren

1972 1346 99 33 hunne
2084 1346 156 33 woningen
2252 1346 28 33 te
2295 1346 138 33 verlaten.

2007 1379 65 34 Van
2095 1379 29 34 in
2145 1379 50 34 het
2215 1379 87 34 begia
2326 1379 51 34 f'er
2401 1379 197 34 Oogstmaand
2618 1379 57 34 zijn
2689 1379 65 34 dien

1973 1412 173 34 tengevolge
2170 1412 34 34 ee
2213 1412 11 34 i
2248 1412 101 34 aantal
2371 1412 144 34 kloosters
2538 1412 160 34 veranderd
2711 1412 47 34 ge-

1973 1444 119 28 worden
2103 1444 27 28 in
2143 1444 21 28 h
2185 1444 56 28 tels
2256 1444 69 28 voor
2335 1444 149 28 kinderen.

2007 1477 43 33 Te
2070 1477 119 33 Brussel
2207 1477 97 33 alleen
2324 1477 57 33 zijn
2404 1477 168 33 honderdea
2591 1477 116 33 knapen
2720 1477 38 33 en

1973 1510 120 36 meisjes
2117 1510 120 36 kunnen
2254 1510 192 36 geherbergd,
2460 1510 112 36 gevoed
2585 1510 36 36 en
2635 1510 122 36 gekleed

1974 1543 129 33 worden,
2122 1543 36 33 en
2186 1543 55 33 zijn
2266 1543 49 33 dat
2335 1543 69 33 nog,
2425 1543 106 33 zonder
2544 1543 47 33 dat
2603 1543 47 33 het
2664 1543 95 33 eenen

1974 1575 126 32 centiem
2118 1575 84 32 koste
2215 1575 57 32 aan
2284 1575 36 32 de
2334 1575 149 32 openbare
2497 1575 215 32 liefdadirikeid.

2007 1608 46 33 En
2067 1608 81 33 alwie
2158 1608 66 33 zich
2237 1608 81 33 heeft
2331 1608 117 33 kunnen
2461 1608 187 33 rekenschap
2661 1608 96 33 geven

1974 1640 105 33 vande
2090 1640 83 33 vrees
2184 1640 51 33 der
2248 1640 117 33 ouders,
2380 1640 49 33 tea
2447 1640 135 33 opzic'nte
2606 1640 58 33 van
2687 1640 73 33 eere

1972 1672 100 60 i'eugd,
2097 1672 45 60 die
2167 1672 108 60 dubbel
2299 1672 196 60 b'ootgesteld
2528 1672 73 60 was,
2627 1672 73 60 door
2723 1672 36 60 de

1988 1699 264 40 terbergzaamheid
2275 1699 30 40 in
2325 1699 328 40 gemeeischappelijke
2672 1699 86 40 zalen

1974 1738 37 33 en
2021 1738 71 33 door
2103 1738 36 33 de
2150 1738 125 33 gevaren
2288 1738 52 33 der
2353 1738 103 33 groote
2470 1738 26 33 st
2507 1738 38 33 td,
2560 1738 42 33 zil
2620 1738 67 33 vers
2702 1738 58 33 aan

1974 1771 50 32 dat
2053 1771 36 32 de
2118 1771 178 32 voordeelen
2325 1771 52 32 van
2406 1771 73 32 deze
2508 1771 156 32 in:i;hting
2697 1771 62 32 niet

1975 1803 99 32 alleen
2087 1803 58 32 van
2158 1803 179 32 stoffelijken
2350 1803 71 32 aard
2432 1803 67 32 zijn.

2010 1835 59 33 Het
2090 1835 24 33 is
2142 1835 56 33 een
2216 1835 23 33 a.
2253 1835 150 33 ndoenlijk
2432 1835 190 33 schouwspel
2654 1835 106 33 zekere

1976 1868 302 33 kloostergemeenten
2303 1868 28 33 te
2354 1868 75 33 zien,
2454 1868 74 33 zelfs
2553 1868 134 33 onibloot
2701 1868 58 33 van

1976 1900 232 34 hulpmiddelen,
2238 1900 47 34 die
2308 1900 39 34 op
2380 1900 90 34 dezen
2504 1900 162 34 oogenblik
2699 1900 61 34 niet

1977 1933 135 34 aarzelen
2147 1933 183 34 belangrijke
2368 1933 130 34 groepeu
2531 1933 142 34 kinderen
2710 1933 50 34 tea

1976 1967 119 26 hunnen
2107 1967 77 26 laste
2197 1967 30 26 te
2239 1967 113 26 nemen.

2009 1999 215 33 Verscheidene
2249 1999 139 33 kloosters
2419 1999 92 33 welke
2540 1999 103 33 België
2672 1999 90 33 opge-

1976 2032 106 32 nomen
2106 2032 83 32 heeft
2208 2032 31 32 in
2262 2032 69 32 deze
2351 2032 103 32 laatste
2471 2032 92 32 jaren,
2591 2032 116 32 hebb«n
2731 2032 31 32 er

1976 2064 61 33 hun
2060 2064 133 33 behagen
2217 2064 28 33 in
2271 2064 162 33 gevonden,
2465 2064 70 33 door
2564 2064 38 33 de
2626 2064 137 33 herberg-

1975 2097 154 32 zaamheid
2153 2097 55 32 aan
2232 2097 35 32 de
2293 2097 196 32 onsieluk-dge
2521 2097 96 32 l<leine
2649 2097 113 32 Belgen

1976 2129 146 32 verleend,
2146 2129 99 32 hunne
2268 2129 106 32 schuld
2410 2129 57 32 van
2485 2129 177 32 dankbiarh-
2673 2129 29 32 id
2733 2129 29 32 te

1976 2162 127 27 betalen.

2008 2194 81 33 Daar
2109 2194 35 33 de
2166 2194 194 33 gele^enheil
2383 2194 65 33 zich
2471 2194 139 33 aanbiedt,
2639 2194 123 33 nieenea

1976 2227 58 31 wij,
2057 2227 71 31 heer
2141 2227 186 31 Bestuurder,
2342 2227 50 31 dat
2414 2227 50 31 het
2487 2227 61 31 niet
2575 2227 56 31 van
2656 2227 107 31 belang

1975 2260 40 33 zal
2026 2260 132 33 ontbloot
2170 2260 56 33 zijn
2246 2260 38 33 op
2297 2260 58 33 den
2367 2260 169 33 volgenden
2549 2260 42 33 tre
2601 2260 11 33 c
2626 2260 53 33 van
2698 2260 63 33 lief-

1975 2292 153 33 dadigheid
2152 2292 28 33 te
2202 2292 112 33 wijzsn.
2329 2292 121 33 zooveel
2474 2292 30 33 te
2524 2292 80 33 meer
2629 2292 68 33 daar
2721 2292 39 33 hij

1976 2325 69 33 well
2057 2325 48 33 cht
2117 2325 95 33 nuttig
2224 2325 59 33 kan
2295 2325 57 33 zija
2366 2325 53 33 aan
2433 2325 104 33 eenige
2551 2325 142 33 familiëa.

2009 2357 44 32 De
2073 2357 139 32 toevloed
2232 2357 50 32 der
2306 2357 211 32 huisajezinneu
2543 2357 69 32 naar
2635 2357 125 32 Brussel

1975 2390 194 34 uitgeweken,
2200 2390 25 34 is
2255 2390 185 34 verminderd
2454 2390 6 34 ;
2492 2390 51 34 het
2571 2390 81 34 werk
2682 2390 78 34 blijft

1975 2423 146 32 nochtans
2144 2423 16 32 z
2169 2423 52 32 jr.e
2245 2423 131 32 diensten
2401 2423 167 32 sanbiedea
2583 2423 6 32 ;
2616 2423 19 32 h
2645 2423 21 32 ît
2680 2423 81 32 heeft

1974 2455 59 33 nog
2045 2455 103 33 eenige
2159 2455 46 33 pla
2214 2455 79 33 ttsen
2303 2455 205 33 besc'nikbaar.

2007 2487 104 33 Indien
2135 2487 30 33 er
2184 2487 108 33 ouders
2313 2487 56 33 zijn
2396 2487 46 33 die
2477 2487 154 33 wen-.chen
2657 2487 101 33 hunne

1975 2520 140 33 kinderen
2136 2520 29 33 te
2183 2520 175 33 onttrekken
2371 2520 55 33 aan
2448 2520 37 33 de
2498 2520 199 33 lichamelijke
2723 2520 37 33 en

1974 2553 140 33 zedelijke
2124 2553 124 33 gevaren
2261 2553 59 33 van
2332 2553 90 33 dezen
2444 2553 61 33 tijd,
2520 2553 106 33 mo;tn
2640 2553 35 33 Z3
2700 2553 61 33 zich

1975 2586 123 27 wenden
2122 2586 69 27 voor
2213 2586 120 27 Brussel
2359 2586 36 27 en
2419 2586 112 27 om'rek
2553 2586 43 27 tôt
2622 2586 36 27 de
2694 2586 67 27 Van

1974 2618 278 33 Aertselaerschool,
2287 2618 314 33 Wildenboschstraat,
2638 2618 40 33 17.
2717 2618 42 33 Zij

1973 2650 97 34 zullen
2083 2650 32 34 er
2127 2650 243 34 me-ledeelin.^en
2394 2650 112 34 krijgen
2529 2650 57 34 van
2611 2650 37 34 de
2668 2650 79 34 opeu

1972 2682 97 33 zijnde
2079 2682 143 33 plaitsen.

2004 2714 43 34 Zij
2071 2714 94 34 zullen
2190 2714 32 34 er
2243 2714 57 34 den
2322 2714 154 34 weergalm
2499 2714 109 34 hooren
2632 2714 57 34 van
2712 2714 48 34 het

1973 2748 98 28 woord
2091 2748 58 28 aan
2169 2748 129 28 he'.weltc
2324 2748 48 28 uw
2394 2748 112 28 waarde
2531 2748 229 28 bri-l\visselaar

1972 2780 54 29 zoo
2053 2780 51 29 tere
2114 2780 49 29 cht
2186 2780 150 29 herinnert
2349 2780 7 29 :
2385 2780 10 29 «
2412 2780 78 29 Laat
2510 2780 37 29 de
2572 2780 121 29 kleiaen
2720 2780 42 29 tôt

1972 2813 48 28 mii
2035 2813 116 28 komen.
2165 2813 16 28 »

2005 2847 75 32 Zeer
2093 2847 57 32 wel
2162 2847 119 32 gezegd.

2006 2878 56 32 Die
2075 2878 75 32 brief
2161 2878 141 32 weerlegt
2325 2878 247 32 onrechtstresks,
2599 2878 83 32 maar
2693 2878 66 32 toch

1972 2911 99 34 volled
2082 2911 26 34 g,
2124 2911 47 34 het
2181 2911 111 34 verwijt
2304 2911 79 34 meer
2396 2911 56 34 dan
2463 2911 69 34 eens
2546 2911 74 34 door
2643 2911 116 34 sommi-

1972 2944 57 31 gen
2042 2944 53 31 aan
2108 2944 36 31 de
2158 2944 141 31 kloosters
2316 2944 124 31 ge.'aan.

2005 2976 70 33 Men
2086 2976 91 33 zegde
2190 2976 52 33 dat
2253 2976 72 33 deze
2337 2976 212 33 onverschillig
2571 2976 103 33 bîeven
2704 2976 56 33 aan

1971 3010 35 32 de
2018 3010 189 32 onmeetbare
2223 3010 84 32 ramp
2330 3010 94 32 welke
2447 3010 56 32 oas
2529 3010 68 32 volk
2618 3010 143 32 getroiîen

1973 3042 90 27 heeft.

2007 3074 49 34 Nu
2070 3074 105 34 elkeen
2186 3074 73 34 weet
2269 3074 59 34 het,
2343 3074 56 34 van
2413 3074 57 34 den
2489 3074 116 34 eersten
2627 3074 52 34 dag
2703 3074 58 34 van

1970 3107 58 34 den
2041 3107 110 34 oorlog,
2166 3107 58 34 zijn
2237 3107 36 34 de
2286 3107 109 34 dearen
2409 3107 51 34 der
2474 3107 145 34 Kloosters
2631 3107 128 34 openge-

1970 3140 76 34 gaan
2070 3140 102 34 overal
2196 3140 81 34 waar
2298 3140 48 34 het
2368 3140 140 34 mogelijk
2540 3140 69 34 was,
2637 3140 37 34 ea
2701 3140 60 34 aile

1971 3172 235 32 noodlijdenden,
2231 3172 109 32 zonder
2364 3172 173 32 ouderschei
2550 3172 8 32 l
2589 3172 58 32 vai
2671 3172 88 32 denk-

1972 3205 82 31 wijze
2065 3205 114 31 werden
2192 3205 31 31 er
2236 3205 151 31 onthaald.

2004 3232 61 38 Het
2080 3232 67 38 volk
2161 3232 24 38 is
2346 3232 26 38 in
2386 3232 60 38 a'.le
2459 3232 173 38 geuieenten
2647 3232 110 38 ooege-

1971 3271 79 32 tuige
2071 3271 139 32 geveest,
2234 3271 35 32 en
2283 3271 38 32 na
2335 3271 56 32 den
2415 3271 103 32 oorlog
2542 3271 46 32 zal
2612 3271 64 32 men
2692 3271 68 32 mis-

1971 3304 103 32 schien
2095 3304 120 32 kunnen
2239 3304 171 32 opsommen
2444 3304 126 32 hoevele
2595 3304 164 32 duiienden

1971 3333 216 35 ongelukkigen
2211 3333 31 35 in
2265 3333 37 35 de
2321 3333 21 35 k
2355 3333 112 35 oo^iers
2489 3333 55 35 een
2559 3333 201 35 onderkomen

1971 3369 116 31 hebben
2098 3369 167 31 gevonden.

1972 3463 56 76 Ds
2056 3463 159 76 ileili^e
2244 3463 149 76 Oor'o»
2416 3463 55 76 hij
2496 3463 50 76 de
2576 3463 177 76 Taries.

2004 3554 70 35 Men
2087 3554 116 35 schrijft
2216 3554 56 35 vaa
2284 3554 153 35 Tiirksche
2450 3554 75 35 zijde
2537 3554 6 35 :

2002 3587 122 33 Turkije
2136 3587 91 33 heeft,
2238 3587 96 33 zooaîs
2344 3587 84 33 zulks
2438 3587 85 33 thans
2534 3587 100 33 overal
2645 3587 115 33 bekend

1970 3620 36 34 is,
2037 3620 57 34 den
2127 3620 141 34 Heiligen
2303 3620 111 34 Oorlog
2438 3620 203 34 uitgeroepen.
2680 3620 80 34 Deze

1971 3652 186 34 gebeurtanis
2181 3652 80 34 heeft
2284 3652 160 34 voorzeker
2462 3652 30 34 in
2517 3652 70 34 deze
2610 3652 90 34 tijden
2724 3652 36 34 de

2175 3685 61 35 niet
2258 3685 53 35 van
2343 3685 131 35 vroeger,
2511 3685 78 35 doch
2621 3685 36 35 zij
2696 3685 65 35 mag

1970 3718 135 28 evenwel
2118 3718 57 28 ook
2186 3718 61 28 niet
2260 3718 177 28 oaderschat
2452 3718 128 28 worden.

2005 3751 70 34 Niet
2085 3751 58 34 aile
2153 3751 154 34 Turksche
2317 3751 130 34 oorlog's
2459 3751 53 34 een
2527 3751 105 34 heili?e
2645 3751 114 34 oorlog.

1971 3783 62 33 Zoo
2062 3783 45 33 wa
2122 3783 36 33 en
2188 3783 202 33 bijvoo*bee!d
2423 3783 37 33 de
2492 3783 101 33 Krimo
2725 3783 36 33 de

1970 3817 104 34 oorlog
2098 3817 85 34 tegen
2208 3817 200 34 Griekenland
2432 3817 35 34 en
2490 3817 35 34 de
2548 3817 212 34 Ba!kaGOo:log

1970 3849 95 34 geene
2075 3849 107 34 hei'.ige
2194 3849 65 34 oorl

2004 3882 168 32 Natuuriijsc
2185 3882 79 32 heeft
2277 3882 35 32 de
2324 3882 89 32 Islam
2427 3882 61 32 niet
2507 3882 79 32 meer
2596 3882 38 32 de
2659 3882 100 32 macht

1971 3914 47 34 die
2040 3914 38 34 hij
2105 3914 123 34 vroeger
2252 3914 90 34 bezat.
2370 3914 117 34 Zonder
2517 3914 102 34 twijfel
2660 3914 100 34 zullen

1971 3947 117 34 immers
2110 3947 37 34 lal
2169 3947 55 34 van
2250 3947 32 34 M
2293 3947 197 34 ihomedanca
2520 3947 37 34 op
2581 3947 106 34 geheel
2723 3947 37 34 de

1972 3980 108 34 wereld
2092 3980 57 34 aan
2162 3980 55 34 den
2238 3980 111 34 opreep
2371 3980 42 34 tôt
2425 3980 57 34 den
2506 3980 129 34 heiligen
2656 3980 103 34 oorlog

1971 4013 75 33 geen
2058 4013 104 33 gevolg
2174 4013 106 33 geven.

2004 4046 46 33 De
2061 4046 167 33 uitroeping
2240 4046 58 33 van
2312 4046 58 33 den
2382 4046 130 33 heiligen
2536 4046 105 33 oorlog
2652 4046 107 33 brengt

1970 4078 54 32 dus
2034 4078 152 32 geenszins
2199 4078 85 32 mede
2303 4078 50 32 dat
2363 4078 37 32 de
2413 4078 86 32 heele
2526 4078 232 32 Mahomedaan-

1970 4111 71 33 sche
2064 4111 111 33 wereld
2200 4111 158 33 eensklaps
2385 4111 27 33 in
2439 4111 74 33 vuur
2536 4111 36 33 en
2598 4111 78 33 vlam
2701 4111 57 33 sta.

1972 4144 85 33 Maar
2069 4144 67 33 toch
2148 4144 46 33 zal
2206 4144 36 33 de
2255 4144 105 33 tijding
2378 4144 50 33 dat
2441 4144 36 33 de
2489 4144 105 33 Sultan
2608 4144 37 33 de
2659 4144 99 33 volge-

1970 4176 97 35 lingen
2080 4176 56 35 van
2150 4176 56 35 den
2226 4176 118 35 Profeet
2368 4176 42 35 tôt
2434 4176 57 35 den
2513 4176 127 35 heiligen
2654 4176 104 35 oorlog

1970 4210 78 33 heeft
2060 4210 198 33 opgeroepen,
2279 4210 249 33 langzamerhand
2552 4210 99 33 overal
2674 4210 81 33 door-

1970 4242 132 32 dringen,
2117 4242 35 32 ea
2165 4242 147 32 eveneens
2323 4242 14 32 z
2346 4242 18 32 il
2378 4242 50 32 het
2440 4242 118 32 bekend
2580 4242 120 32 worden
2714 4242 43 32 aïs

1970 4275 119 33 Turkije
2100 4275 114 33 vooruit
2226 4275 80 33 doet.

2003 4307 82 33 Gaan
2099 4307 37 33 de
2148 4307 120 33 Turken
2278 4307 114 33 vooruit
2406 4307 29 33 in
2449 4307 56 33 den
2520 4307 162 33 Kaukasus,
2698 4307 58 33 dan

1970 4340 55 35 kan
2046 4340 37 35 de
2100 4340 36 35 an
2150 4340 184 35 i-Russiscln
2347 4340 152 35 beweging
2513 4340 38 35 bij
2566 4340 37 35 de
2614 4340 139 35 Koerden

1969 4373 37 31 en
2027 4373 30 31 in
2082 4373 219 31 Noord-Perzie
2324 4373 164 31 toenemei,
2514 4373 64 31 zich
2592 4373 163 31 uitbreiden

1969 4406 69 29 naar
2060 4406 194 29 Zuid-Perzie
2275 4406 36 29 en
2332 4406 106 29 verier
2455 4406 67 29 naar
2535 4406 169 29 Turkestan
2718 4406 36 29 en

1968 4439 198 34 Afghanistan
2179 4439 35 34 en
2228 4439 140 34 e'ndelijk
2380 4439 73 34 naar
2467 4439 94 34 Indië.

2001 4472 115 35 Nadert
2125 4472 49 35 het
2184 4472 153 35 Turksche
2348 4472 80 35 leger
2439 4472 120 35 Egijpte
2569 4472 59 35 dan
2641 4472 116 35 bestaat

1968 4506 32 33 er
2025 4506 73 33 kans
2122 4506 39 33 op
2185 4506 72 33 eene
2280 4506 173 33 Islamische
2474 4506 159 33 beweging
2646 4506 30 33 ia
2706 4506 51 33 dût

1967 4537 77 35 land.
2070 4537 65 35 Van
2159 4537 42 35 uit
2225 4537 120 35 Egijpte
2367 4537 60 35 kan
2457 4537 36 35 de
2523 4537 109 35 heilige
2654 4537 103 35 oorlog

1967 4571 104 33 verder
2081 4571 29 33 in
2123 4571 100 33 Afrika
2236 4571 209 33 doordringen,
2460 4571 36 33 en
2510 4571 67 33 zich
2600 4571 71 33 zelfs
2684 4571 74 33 naar

1968 4604 145 27 Marokko
2126 4604 177 27 uitbreiden.

1999 4636 55 35 Als
2066 4636 121 35 Turkije
2199 4636 154 35 overwint,
2376 4636 39 35 en
2436 4636 35 35 de
2485 4636 271 35 Mahommedanen

1966 4669 31 34 in
2019 4669 51 34 het
2092 4669 151 34 a'gemeen
2273 4669 56 34 een
2358 4669 106 34 succès
2494 4669 107 34 mogeu
2633 4669 122 34 boeken,

1967 4702 147 34 daardoor
2135 4702 46 34 zal
2201 4702 120 34 Turkije
2345 4702 57 34 aan
2427 4702 50 34 het
2500 4702 91 34 hoofd
2616 4702 61 34 van
2700 4702 57 34 den

1967 4735 90 33 Islam
2078 4735 72 33 eene
2171 4735 106 33 positie
2300 4735 146 33 bereiken,
2469 4735 100 33 zooals
2588 4735 50 33 het
2659 4735 99 33 sedert

1966 4769 121 28 eeuwen
2099 4769 62 28 niet
2178 4769 78 28 heeft
2270 4769 135 28 bekleed.

2000 4801 84 33 Doch
2096 4801 45 33 als
2154 4801 121 33 Turkije
2286 4801 61 33 niet
2366 4801 146 33 overwint
2524 4801 60 33 dan
2596 4801 99 33 zullen
2708 4801 50 33 het

1967 4834 233 34 Ottomaansche
2213 4834 55 34 rijk
2280 4834 37 34 en
2329 4834 37 34 de
2379 4834 86 34 Islam
2481 4834 95 34 eenen
2600 4834 71 34 duw
2691 4834 67 34 krij-

1966 4867 67 36 gen,
2049 4867 78 36 waar
2136 4867 34 36 zij
2182 4867 60 36 niet
2254 4867 80 36 meer
2346 4867 136 36 boveaop
2493 4867 98 36 zullen
2618 4867 138 36 geraken.

2883 339 188 46 TROC
3081 339 458 46 WBELOFTEN.

2816 402 103 38 Viktor
2932 402 154 38 Dae.ners,
3100 402 223 38 vlasbewerker,
3337 402 150 38 Tichelrij;
3502 402 41 38 46,
3555 402 43 38 ea

2846 437 131 34 Julianna
2988 437 102 34 Parijs,
3101 437 195 34 katoenbew.,
3306 437 185 34 Berouwstra
3502 437 94 34 .t,136«

2816 468 98 38 Pieter
2923 468 46 38 De
2983 468 157 38 Bruycker,
3166 468 163 38 fabriekw.,
3352 468 99 38 Lange
3474 468 123 38 Krevel-

2846 503 98 35 straat,
2964 503 25 35 3,
3013 503 38 35 en
3076 503 168 35 Euphrasie
3284 503 184 35 Verplaetse,
3506 503 89 35 fabr.«

2846 536 95 28 zelfde
2954 536 100 28 straat.

2815 568 135 35 Hendrik
2960 568 91 35 Loos,
3064 568 153 35 bediende,
3231 568 191 35 Antwerpen,
3445 568 39 35 en
3504 568 91 35 Mari*

2845 601 180 34 Ducatillon,
3040 601 24 34 z.
3080 601 37 34 b.,
3128 601 264 34 Toekomststraat,
3403 601 42 34 75.

2814 634 137 34 Edmond
2974 634 160 34 Penninck,
3156 634 255 34 havenopzichter,
3437 634 159 34 Rooigem-

2845 662 99 39 straat,
2963 662 58 39 294,
3040 662 36 39 en
3101 662 115 39 Helena
3228 662 63 39 Van
3322 662 51 39 der
3393 662 131 39 Haegen,
3548 662 49 39 ge»

2845 700 350 32 meenteonderwijzeies,
3215 700 96 32 zelfde
3325 700 95 32 straat,
3432 700 57 32 142.

2814 732 98 34 Pieter
2941 732 155 34 Demanet,
3122 732 153 34 bediende,
3302 732 162 34 Pijlstraat,
3490 732 40 34 13,
3555 732 42 34 ea

2845 765 118 32 Juliette
2975 765 144 32 Dierickx,
3129 765 25 32 z.
3168 765 40 32 b.,
3223 765 107 32 Kleine
3343 765 255 32 Bellevuestr.,53.

2814 797 96 34 Emiel
2923 797 44 34 De
2979 797 131 34 Ca'uwe,
3121 797 218 34 treinwachter,
3366 797 172 34 Rietstraat,
3552 797 45 34 91,

2845 831 37 32 en
2909 831 143 32 Leontina
3082 831 44 32 De
3152 831 118 32 Waele,
3296 831 26 32 z.
3336 831 38 32 b.,
3400 831 195 32 Meulesteed'

2846 863 255 32 schensteenweg,
3115 863 59 32 658.

2811 895 83 34 Jozef
2912 895 154 34 Provoost,
3089 895 83 34 smid,
3199 895 289 34 Meulestedestraat,
3509 895 26 34 3,
3557 895 39 34 eti

2844 928 136 33 Aiuusta
3006 928 67 33 Van
3094 928 166 33 Driessche,
3285 928 22 33 z.
3334 928 38 33 b.,
3399 928 196 33 Meulesteed-

2845 961 251 32 schensteenweg,
3112 961 58 32 330.

2812 993 116 36 Walter
2941 993 147 36 Plomier,
3103 993 151 36 bjdiende,
3266 993 329 36 Godshuizenlaan,114f

2845 1026 37 34 en
2892 1026 92 34 Stella
2997 1026 223 34 Cackenbergh,
3237 1026 24 34 z.
3286 1026 40 34 b.,
3352 1026 244 34 Galgenbergstr.

2813 1058 64 34 Léo
2902 1058 66 34 Van
2988 1058 123 34 Leuffel,
3134 1058 156 34 hoefsmid,
3327 1058 204 34 VVondelgem,
3557 1058 40 34 ea

2845 1091 93 33 Maria
2952 1091 156 33 Provoost,
3120 1091 24 33 z.
3159 1091 39 33 b.,
3213 1091 87 33 Gent.

2832 1201 414 34 3Bu.rerex-stEtii.ci
3269 1201 127 34 van
3420 1201 166 34 Gent

2901 1272 187 31 Overlffdens
3109 1272 58 31 van
3184 1272 86 31 sa's3
3291 1272 177 31 November.

2813 1320 92 36 Maria
2916 1320 166 36 Calleaaijn,
3103 1320 75 36 wed.
3204 1320 128 36 Sandrie,
3359 1320 31 36 84
3402 1320 32 36 j.,
3459 1320 140 36 St-Anto»

2846 1355 167 28 toniuskaai,
3028 1355 42 28 19.

2814 1385 119 38 Monika
2944 1385 143 38 Geirnaer
3094 1385 14 38 -,
3123 1385 76 38 wed.
3214 1385 46 38 De
3272 1385 112 38 Vilder,
3399 1385 31 38 81
3441 1385 33 38 j.,
3489 1385 109 38 Lama*

2845 1420 97 30 straat,
2957 1420 24 30 8.

2813 1449 310 38 Cel-stioaCrabeels,
3146 1449 93 38 echtg.
3260 1449 126 38 Laquet,
3409 1449 31 38 78
3449 1449 35 38 j.,
3509 1449 89 38 Broa*

2846 1486 101 29 straat,
2962 1486 25 29 7.

2812 1515 83 36 Joief
2906 1515 111 36 Cosyn,
3031 1515 31 36 6S
3074 1515 31 36 j.,
3120 1515 84 36 fabr.,
3219 1515 377 36 Meulesteedschensteen»

2847 1551 72 30 weg,
2934 1551 56 30 488.

2814 1581 122 37 Rosalia
2947 1581 95 37 Roan,
3054 1581 96 37 echtg.
3161 1581 46 37 De
3220 1581 51 37 Sm
3279 1581 66 37 jt,62
3354 1581 245 37 j^Kazemattea*

2845 1616 99 26 straat.
2964 1616 41 26 20.

2814 1646 95 36 Frans
2924 1646 117 36 Robert,
3056 1646 15 36 7
3084 1646 48 36 m.,
3148 1646 126 36 Nieuwe
3286 1646 317 36 Theresianenstr.,37.

2813 1680 107 35 Alfons
2936 1680 128 35 Demets,
3077 1680 32 35 57
3120 1680 32 35 j.,
3167 1680 23 35 z.
3205 1680 37 35 b.,
3262 1680 269 35 Dampoortstraat,
3551 1680 46 35 36.

2813 1711 123 37 Sidonia
2948 1711 143 37 Maillard,
3106 1711 94 37 echtg.
3213 1711 159 37 Bakeland,
3388 1711 31 37 49
3428 1711 170 37 j.,Benard-

2846 1747 99 29 straat,
2959 1747 25 29 9.

2813 1778 88 35 Annt
2915 1778 93 35 Rygi,
3023 1778 93 35 echtg.
3130 1778 127 35 Toch,73
3267 1778 33 35 j.,
3314 1778 25 35 z.
3357 1778 243 35 b.,Godshulzea*

2846 1810 74 27 laan.
2936 1810 40 27 53.

2813 1842 75 37 Joiii
2902 1842 160 37 Caphaert,
3078 1842 11 37 1
3104 1842 49 37 m.,
3169 1842 180 37 Kerkstraat,
3363 1842 59 37 303.

2815 1877 14 30 5
2843 1877 142 30 personen
2998 1877 99 30 buiten
3111 1877 37 30 de
3159 1877 66 30 stad
3239 1877 154 30 woneude.

2924 1921 167 30 Geboorlen
3105 1921 59 30 van
3185 1921 87 30 21-22
3290 1921 179 30 Sousmher.

2847 1970 131 35 Armand
2991 1970 110 35 Donne.
3110 1970 192 35 Coudstraat,
3319 1970 37 35 13.
3380 1970 31 35 —
3436 1970 87 35 Irena
3535 1970 69 35 Vaa

2816 2002 132 36 Damme,
2974 2002 88 36 Klein
3099 2002 214 36 Hospitaalstra
3322 2002 31 36 it,
3386 2002 41 36 34.
3449 2002 33 36 —
3502 2002 100 36 Pieter

2817 2035 146 35 Bourdon,
2983 2035 256 35 Caialognestraaf,
3261 2035 22 35 4.
3310 2035 31 35 —
3367 2035 128 35 Yvonna
3532 2035 71 35 Vaa

2816 2067 55 34 den
2904 2067 123 34 Broeck.
3062 2067 151 34 Erasmuss
3227 2067 68 34 raat,
3338 2067 38 34 15.
3413 2067 32 34 —
3489 2067 113 34 Rachel

2816 2100 161 37 Vereecke,
2998 2100 245 37 Kastanjestraaf,
3255 2100 40 37 22.
3310 2100 32 37 —
3354 2100 76 37 Joris
3453 2100 64 37 Van
3540 2100 62 37 riea

2817 2133 572 41 Bcssche,^Zwijnaardschensteenweg,
3402 2133 198 41 533.—Lode-

2817 2166 69 35 wijk
2900 2166 41 35 De
2953 2166 162 35 Schepper,
3132 2166 263 35 Ondf.rwijsstraat,
3410 2166 192 35 101.—Mari»

2817 2198 105 35 Morel,
2934 2198 180 35 Zand=traat,
3125 2198 42 35 95.
3181 2198 56 35 —3
3250 2198 187 35 onwîttigen.

2861 2304 272 41 BURGERSTAND
3159 2304 75 41 VAN
3261 2304 331 41 ST-AMANDSBER6.

2976 2369 68 28 Van
3065 2369 57 28 den
3198 2369 44 28 tôt
3256 2369 35 28 20
3312 2369 164 28 November

2847 2417 361 37 TROUWBELOFTE.
3240 2417 33 37 —
3303 2417 104 37 Albert
3429 2417 173 37 Erffelinck.

2816 2450 150 36 bediende,
2997 2450 22 36 S
3035 2450 222 36 -Amaadsberg,
3283 2450 36 36 ea
3357 2450 162 36 Hortensia
3553 2450 47 36 D«

2817 2483 89 34 Smet,
2921 2483 239 34 kleermaakster,
3180 2483 86 34 Gent.

2849 2515 297 36 OVEKL'.JDENS.
3164 2515 27 36 —
3215 2515 91 36 Maria
3333 2515 161 36 Goorman,
3520 2515 80 36 huis*

2815 2547 148 37 houdster,
2994 2547 30 37 61
3044 2547 31 37 j.,
3097 2547 96 37 tchtg,
3221 2547 57 37 van
3311 2547 116 37 August
3460 2547 139 37 Lievens,

2817 2581 101 37 Molen
2938 2581 85 37 traat,
3045 2581 41 37 73.
3101 2581 31 37 —
3158 2581 112 37 Marcel
3296 2581 44 37 De
3367 2581 122 37 Keyser,
3517 2581 12 37 1
3548 2581 54 37 m.,

2818 2613 188 36 Hoogstraat,
3022 2613 38 36 14.
3075 2613 31 36 —
3117 2613 112 36 Renaat
3242 2613 103 36 Geers,
3372 2613 32 36 20
3418 2613 40 36 d.,
3479 2613 122 36 Welda-

2816 2646 18 35 d
2845 2646 192 35 gheidstraat,
3053 2646 40 35 13.
3105 2646 33 35 —
3150 2646 129 35 Barbara
3304 2646 190 35 Vetmeulen,
3520 2646 24 35 z.
3560 2646 41 35 b.,

2815 2680 31 36 88
2859 2680 31 36 j.,
2906 2680 73 36 wed.
2993 2680 58 36 van
3079 2680 133 36 Serafun
3235 2680 93 36 Colle,
3351 2680 250 36 Antwerpschen-

2815 2715 160 28 steenweg,
2992 2715 57 28 416.

2848 2737 266 43 GEBOORTEN.
3136 2737 33 43 —
3212 2737 156 43 Lodewijk
3404 2737 196 43 Hebbelinck,

2816 2777 219 36 Brunaustraat,
3059 2777 41 36 25.
3124 2777 30 36 —
3179 2777 54 36 Dia
3254 2777 16 36 a
3299 2777 193 36 Schoenfeld,
3516 2777 88 36 Prins

2815 2810 197 37 Aiberts'raat,
3049 2810 42 37 50.
3132 2810 34 37 —
3209 2810 133 37 Leopoid
3388 2810 213 37 Vandenberg,

2816 2842 187 32 Hooystraat,
3020 2842 40 32 18.

2813 2938 252 534 IMevrcuw
3109 2938 130 534 HoSorè
3273 2938 258 534 STANDAERT,
3552 2938 54 534 K

2880 3105 125 32 teboren
3032 3105 157 32 Prudence
3221 3105 63 32 DE
3301 3105 172 32 RUYTER
3497 3105 37 32 en
3554 3105 52 32 ES

2882 3134 71 47 liare
2979 3134 117 47 familie,
3119 3134 116 47 hebben
3257 3134 37 47 de
3313 3134 153 47 droefheid
3479 3134 55 47 aan
3554 3134 52 47 Bg

2881 3171 98 31 hunne
3006 3171 139 31 vrienden
3180 3171 37 31 en
3240 3171 158 31 kenn'ssen
3408 3171 38 31 de
3458 3171 76 31 dood
3554 3171 52 31 EB

2880 3205 53 34 san
2947 3205 28 34 te
2998 3205 144 34 kondigen
3156 3205 55 34 van
3228 3205 120 34 hunnen
3372 3205 162 34 teergelief-

2880 3237 57 34 den
2963 3237 174 34 ech'genoot
3161 3237 39 34 ea
3224 3237 228 34 bloedverwant,
3478 3237 56 34 den

2923 3278 207 94 HONORÉ
3170 3278 316 94 STANDAERT
3555 3278 50 94 I

2971 3380 167 60 Brouwer
3156 3380 34 60 te
3209 3380 240 60 Waarschoot.
3555 3380 48 60 ^

2882 3434 121 48 Aldaar
3011 3434 224 48 ooerledenden
3247 3434 289 48 23NovemberigrÇ
3554 3434 53 48 Ht

2814 3475 48 51 ^
2915 3475 45 51 De
2987 3475 147 51 plechti^e
3155 3475 152 51 lijkdienst
3345 3475 64 51 (lijk
3437 3475 99 51 tegen-
3555 3475 48 51 Wa

2814 3511 48 47 ^
2886 3511 143 47 woordig)
3051 3511 41 47 zal
3111 3511 97 47 plaats
3228 3511 115 47 hebben
3357 3511 179 47 Donderdag
3554 3511 51 47 ISï

2814 3546 49 36 Rs
2882 3546 31 36 26
2940 3546 181 36 November,
3140 3546 49 36 om
3209 3546 29 36 11
3263 3546 50 36 ure
3334 3546 20 36 's
3378 3546 157 36 morgends

2840 3582 22 41 a
2883 3582 156 41 (Duitsche
3050 3582 74 41 uur),
3155 3582 30 41 in
3214 3582 37 41 de
3275 3582 167 41 parochiale
3463 3582 73 41 kerk
3553 3582 26 41 g

2814 3610 48 46 ^
2883 3610 56 46 van
2958 3610 209 46 Waarschoot.
3553 3610 51 46 Qe

2915 3648 138 35 Ingezien
3072 3648 38 35 de
3132 3648 119 35 huidige
3272 3648 264 35 omstandigheden

2814 3676 48 43 feg
2883 3676 97 43 zullen
2999 3676 31 43 er
3048 3676 93 43 geene
3158 3676 204 43 rouwbrieven
3384 3676 151 43 gezonden

2814 3708 48 46 ^
2882 3708 130 46 worden.
3029 3708 68 46 Men
3111 3708 92 46 wordt
3215 3708 136 46 verzocht
3376 3708 51 46 het
3439 3708 95 46 tegen-

2814 3743 48 37 Sa
2882 3743 132 37 woordig
3039 3743 113 37 bericht
3175 3743 42 37 als
3241 3743 145 37 dusdanig
3423 3743 29 37 te
3470 3743 64 37 aan-

2814 3773 49 49 |St
2881 3773 170 49 schouwen.
3439 3773 65 49 2536

2942 3893 114 48 MEIO
3239 3893 368 48 Aankoitdigingen

2813 3946 35 35 de
2861 3946 242 35 burgerskeuken
3115 3946 69 35 ken-
3239 3946 140 35 worden
3428 3946 178 35 geplaatat

2815 3978 57 33 ncn
2880 3978 30 33 le
2921 3978 36 33 en
2976 3978 59 33 ook
3050 3978 133 33 Fransch
3239 3978 80 33 mito
3337 3978 17 33 1
3374 3978 40 33 fr.
3437 3978 61 33 per
3523 3978 82 33 kear

2813 4010 173 36 sprekende,
3001 4010 113 36 wordt
3127 4010 57 36 ge-
3239 4010 41 36 en
3291 4010 25 36 'î
3326 4010 106 36 fr.per
3441 4010 28 36 S
3478 4010 130 36 keeren

2814 4045 370 34 vraaslvoorklei
 3240  4045  41  34 op
 3300  4045  179  34 voorhand
 3496  4045  34  34 te
 3548  4045  55  34 be«

 2813  4077  343  33 houdeu.Zichaanb.edt
 3165  4077  19  33 n
 3238  4077  96  33 tal*n
 3367  4077  36  33 in
 3442  4077  162  33 postbon,

 2814  4109  192  34 Leemstraat,
 3016  4109  31  34 n'
3057 4109 23 34 8,
3096 4109 88 34 Gent-
3238 4109 202 34 postzegels,
3476 4109 40 34 01
3547 4109 57 34 te»

2812 4142 237 36 brug^e-Noard.
3121 4142 63 36 2514
3242 4142 143 36 bureele.

2871 4219 91 46 BIJ
3028 4219 523 46 RECHTSMACHT

2990 4299 441 33 OPSISTBARE

2816 4348 780 90 YERROOPSNG

2982 4450 94 60 Poel,
3100 4450 42 60 nr
3172 4450 68 60 22,
3266 4450 37 60 te
3328 4450 103 60 Gent,

2810 4522 202 39 VRIJDAG
3046 4522 40 39 27
3122 4522 250 39 NOVEMBER
3415 4522 97 39 1914,
3545 4522 54 39 en

2846 4561 203 39 volgeatîe
3071 4561 92 39 dag,
3190 4561 162 39 telkens
3373 4561 67 39 om
3473 4561 21 39 9
3521 4561 77 39 ure

2847 4598 33 39 ' s
 2896  4598  223  39 morgends
 3134  4598  51  39 en
 3200  4598  21  39 2
 3239  4598  51  39 1/ 2
 3305  4598  75  39 ure
 3395  4598  33  39 *s
 3442  4598  158  39 namid-

 2848  4635  113  40 dags,
 2984  4635  151  40 binnen
 3150  4635  70  40 het
 3241  4635  92  40 huis
 3345  4635  128  40 POEL,
 3489  4635  39  40 nr
 3542  4635  56  40 22,

 2847  4674  57  36 TE
 2931  4674  132  36 GEMT,

 2810  4717  66  35 Van
 2907  4717  207  35 Kleerstoften,
 3151  4717  225  35 Ellegoederen,
 3413  4717  181  35 Voeringen,

 2887  4752  249  31 Benoodigheden
 3149  4752  72  31 voor
 3233  4752  206  31 kleermakers,
 3454  4752  65  31 enz.

 2855  4792  202  35 Comptante
 3082  4792  159  35 betaling
 3269  4792  128  35 sonder
 3420  4792  133  35 kosten.

 2843  4831  82  33 Door
 2945  4831  80  33 ambt
 3036  4831  58  33 van
 3115  4831  216  33 Deurwaarder
 3354  4831  42  33 M.
 3410  4831  88  33 VAN
 3513  4831  86  33 DEH

 2810  4864  350  35 AUWERMEULEN,
 3171  4864  30  35 te
 3213  4864  89  35 Gent.
 3505  4864  60  35 Ï53T
